3184 5225
506 338 705 402 maxtin
725 338 908 399 CARXML
1173 349 1231 403 las

183 490 284 553 valida
300 489 421 553 delendi
445 512 538 555 manu
562 494 850 572 animadvertemnt,
866 494 952 557 irrito
974 494 1096 580 incepto
1110 494 1226 561 Deme·
1239 516 1310 569 tte.
1321 520 1378 573 ssa.

184 577 315 641 &Mem
327 590 446 659 petunt.
502 578 548 641 lbi
563 601 656 662 quum
674 581 951 663 adpropinquantes
974 582 1100 664 repleta
1111 586 1226 647 moenia
1237 582 1376 638 bc³13⁹·

183 664 311 727 armatis
325 664 481 743 vidissent,
496 668 682 749 praetervecti
702 670 743 730 ad
767 665 872 729 ldlcon
888 667 1015 729 classem
1027 669 1224 751 adpulerunt3

184 750 268 827 inde,
284 771 358 832 agro
373 762 504 830 vastato,
520 750 750 815 Demetriadem
765 773 887 834 quoque
899 754 1080 835 adgressuri.
1104 832 1108 838 g

228 834 317 898 Xlll.
344 834 428 899 later
448 837 511 899 hac
534 849 566 901 et
589 838 706 915 consul,
727 859 766 900 ne
790 840 893 919 segnis
916 840 1038 902 sederet
1059 853 1180 905 tantum
1195 843 1226 905 in

186 942 260 1005 agro
282 923 411 1001 hostico,
432 922 479 984 M.
502 922 663 1006 Popillium
688 945 758 987 cum
781 925 915 1007 quinque
938 926 1071 990 millibus
1097 927 1228 991 militurn

186 1008 229 1069 ad
244 1007 421 1071 Meliboeam
436 1011 540 1072 urbem
556 1011 793 1094 obpugnandam
810 1011 916 1074 mittit.
973 1010 1041 1075 Sita
1059 1025 1106 1074 est
1129 1014 1160 1075 iu
1178 1036 1227 1075 ra·

183 1094 300 1157 dicibus
315 1094 400 1157 Ossae
424 1097 547 1173 montis,
572 1118 632 1177 qua
653 1107 739 1179 parte
766 1098 797 1158 in
819 1095 1010 1159 Thessaliam
1035 1100 1145 1179 vergit,
1170 1122 1227 1184 op·

182 1192 314 1263 portune
344 1182 494 1243 inminens
524 1203 613 1265 super·
639 1182 904 1245 Demetriadem..
933 1182 1049 1245 Primus
1080 1185 1226 1249 adventus

182 1266 319 1329 hostium
343 1268 472 1350 perculit
494 1269 609 1329 incolas
633 1269 711 1331 loci:
743 1269 889 1331 conlectis
904 1270 1015 1331 deinde
1037 1290 1076 1331 ex
1097 1273 1226 1355 necopi-

182 1365 259 1415 nato
282 1375 392 1436 pavore
413 1355 533 1431 animis,
555 1354 727 1417 discurrunt
749 1356 858 1417 armati
873 1353 913 1417 ad
928 1367 1031 1439 portas
1051 1378 1087 1417 ac
1102 1358 1226 1437 moenia,

183 1459 245 1521 qua
269 1442 402 1521 suspecti
432 1442 531 1503 aditus
555 1452 660 1503 erant:
691 1461 836 1523 spemque
862 1442 1017 1525 extemplo
1042 1442 1226 1522 inciderunt,

183 1526 252 1607 oapi
265 1526 363 1607 prirno
378 1527 483 1610 inpetu
498 1547 597 1609 posse.
647 1527 776 1589 Obsidio
790 1526 883 1609 igitur
896 1530 1070 1611 parabatur,
1084 1542 1118 1591 et
1131 1549 1226 1612 opera

182 1612 444 1693 obpugnationum
471 1613 537 1675 heri
566 1626 677 1695 coepta.
736 1611 871 1691 Perseus,
895 1634 987 1694 quum
1013 1615 1157 1693 audisset,
1182 1615 1225 1676 si·

185 1698 250 1759 mul
273 1697 453 1763 Meliboeam
479 1720 499 1760 a
522 1699 654 1761 consulis
680 1700 817 1761 exercita
837 1700 1016 1782 obpugnari,
1035 1701 1126 1763 simul
1145 1701 1239 1763 clas?

184 1804 249 1845 sem
275 1782 350 1846 Iolci
379 1798 470 1863 stare,
496 1797 532 1847 ut
557 1786 626 1849 inde
653 1784 882 1849 Demetriadem
911 1787 1137 1868 adgrederetur,
1161 1786 1224 1848 Eu-

183 1869 367 1951 phrenorem
390 1870 550 1953 quemdam
575 1893 614 1935 ex
636 1872 762 1933 ducibus
782 1893 852 1933 cum
876 1872 1000 1934 delectis
1019 1873 1135 1935 duobus
1155 1874 1225 1935 mil*

184 1955 263 2019 libus
278 1956 455 2019 Meliboeam
475 1958 578 2020 mittit.
593 1958 693 2019 eidem
708 1958 902 2040 imperatum,
924 1971 969 2038 ut,
991 1960 1016 2019 si
1039 1981 1060 2019 a
1078 1958 1226 2022 Meliboea

182 2043 384 2106 submovisset
410 2044 576 2121 Romanos,
602 2042 831 2105 Demetriadem
860 2044 943 2127 prius
970 2045 1092 2119 occulto
1118 2046 1226 2106 itinere

182 2128 321 2207 intraret,
336 2151 427 2212 quarn
451 2131 489 2191 ab
505 2128 589 2192 lo‘lco
612 2130 652 2191 ad
666 2131 771 2191 urbem
792 2142 893 2191 castra
914 2142 1070 2192 moverent
1085 2130 1226 2194 Romani.

181 2211 224 2277 Et
248 2217 287 2277 ab
312 2217 571 2298 obpugnatoribus
592 2214 754 2292 Meliboea,
775 2236 868 2297 quum
895 2216 927 2277 in
953 2217 1156 2299 superioribus
1179 2216 1226 2277 lo-

181 2300 227 2363 eis
257 2314 383 2384 repente
417 2302 616 2383 adparuisset‚
647 2322 716 2363 cum
753 2302 957 2384 trepidatione
994 2303 1091 2364 multa
1119 2302 1226 2365 relicta

182 2406 280 2467 opera
301 2400 383 2462 sunt,
406 2387 543 2469 ignisque
564 2385 704 2468 injectus.
726 2387 770 2449 ita'
784 2409 804 2448 a
819 2386 966 2451 Meliboea
980 2389 1152 2450 abscessum
1167 2400 1224 2451 est.
1289 2420 1296 2432 =

177 2468 377 2553 Euphranor,
398 2472 498 2533 soluta
517 2473 603 2533 unius
626 2473 707 2533 urbis
729 2472 899 2550 obsidione,
918 2471 1148 2540 Demetriadem
1169 2495 1223 2535 ex-

180 2558 299 2640 templo
315 2557 409 2621 ducit.
431 2579 488 2619 nec
503 2568 567 2620 turn
583 2558 697 2620 mrenia
711 2558 816 2636 modo,
830 2559 885 2620 sed
900 2579 988 2640 agros
1003 2559 1096 2622 etiarn
1111 2563 1137 2605 ⁷⁴
1147 2581 1223 2622 con·

181 2643 313 2706 fiderunt
333 2665 365 2706 se
392 2665 410 2705 a
431 2643 675 2726 populationibus
697 2644 774 2706 tueri
797 2665 904 2726 posse:
935 2658 968 2708 et
992 2646 1165 2728 eruptiones
1190 2647 1222 2708 in

182 2749 274 2812 vagos
291 2730 488 2812 populatores
510 2749 571 2790 non
597 2729 662 2791 sine
683 2730 856 2792 vulneribus
878 2731 1012 2794 hostium
1034 2732 1121 2794 factae
1142 2744 1223 2797 sunt.

183 2813 384 2878 circumvecti
409 2828 512 2878 tamen
536 2815 648 2878 moenia
670 2827 740 2877 sunt
760 2831 872 2897 prator
895 2829 928 2880 et
947 2838 1011 2897 rex,
1028 2819 1121 2880 situm
1140 2820 1223 2882 urbis

182 2903 437 2985 contemplantes,
460 2901 563 2984 siqua
584 2912 670 2983 parte
693 2913 813 2963 tentare
837 2915 891 2966 aut
910 2924 1001 2987 opere
1027 2916 1079 2966 aut
1099 2906 1129 2966 vi
1151 2926 1223 2987 pos·

182 3000 261 3050 sent.
316 2987 412 3050 Fama
434 2988 501 3064 fuit,
524 3009 578 3069 per
594 2991 620 3034 ⁷⁵
632 2986 827 3071 Cydantem‘
843 2987 1019 3052 Cretensem
1035 3002 1067 3053 et
1080 2989 1223 3053 Antima-

182 3073 287 3149 chum,
302 3075 352 3156 qui
372 3072 560 3135 Demetriadi
577 3085 713 3155 praerat,
730 3085 876 3136 tractatas
900 3076 978 3138 inter
1000 3075 1169 3138 Eumenem
1191 3088 1226 3139 et

185 3155 296 3220 Persea
317 3159 506 3222 conditiones
531 3159 683 3222 amicitia.
709 3160 966 3222 abDemetriade
993 3174 1076 3224 certe
1103 3163 1223 3224 absces-

184 3263 254 3304 sum
275 3255 332 3306 est.
383 3243 533 3307 Eumenes
554 3245 595 3306 ad
610 3245 763 3306 consulem
780 3245 920 3326 navigat:
948 3247 1127 3326 gratulatus,
1142 3247 1224 3328 quod

185 3349 328 3412 prospere
343 3327 555 3393 Macedoniam
572 3331 724 3406 intrasset,
739 3327 920 3410 Pergamum
937 3331 968 3391 in
984 3352 1109 3413 regnum
1131 3333 1196 3395 abit
1204 3333 1228 3396 ἲ.

184 3413 322 3477 Marcius
337 3415 457 3498 ligulas
479 3428 600 3500 praetor,
626 3426 713 3498 parte
735 3415 839 3476 classis
858 3416 890 3476 in
914 3415 1042 3478 hiberna
1065 3415 1224 3482 Sciathum

182 3502 288 3579 missa,
318 3523 386 3564 cunr
417 3503 538 3584 reliquis
564 3503 688 3562 navibus
710 3503 736 3546 ⁷⁶
747 3500 861 3562 Oreum
888 3498 1014 3565 Boeotia
1042 3505 1129 3586 petit,
1155 3526 1224 3567 eam

182 3588 289 3650 urbem
310 3589 497 3671 aptissimam
521 3599 615 3665 ratus,
637 3587 718 3649 unde
741 3587 933 3664 exercitibus,
951 3589 1002 3669 qui
1026 3589 1057 3650 in
1073 3589 1225 3653 Macedo-

182 3674 245 3752 nia,
270 3674 382 3755 quique
407 3675 439 3736 in
464 3673 623 3736 Thessalia
647 3684 745 3750 erant,
769 3673 851 3735 mitti
877 3688 1064 3737 commeatus
1090 3689 1225 3758 possent.

182 3757 232 3820 De
246 3757 384 3820 Eumene
407 3781 477 3842 rege
492 3761 582 3841 longe
598 3761 715 3822 diversa
730 3759 864 3820 tradunt.
920 3757 953 3820 Si
969 3757 1092 3821 Valerio
1105 3760 1225 3824 Antiati

185 3844 301 3925 credas,
315 3865 373 3908 nec
396 3846 491 3908 classe
512 3844 649 3928 adjutum
669 3846 708 3906 ab
723 3865 760 3907 eo
775 3857 933 3928 praetorem
948 3867 1025 3925 esse,
1040 3865 1132 3936 quum
1147 3867 1225 3930 sape
1334 3899 1339 3907 ,

428 4023 535 4088 ‘Cydam
544 4025 615 4074 Crer.
713 4055 717 4064 ·
749 4023 819 4075 ‘aar
831 4027 904 4079 Gren.
915 4028 984 4078 θην.

214 4175 424 4244 ⁷⁴'Confiderurat]
437 4176 538 4226 Observa
547 4193 626 4244 prtum
636 4195 688 4228 om.
720 4178 926 4236 terminante,
946 4194 992 4228 non
1012 4179 1120 4232 amare.
1163 4183 1224 4245 Lege

183 4241 672 4306 maantamverbumprocorfirirnnt.
719 4260 773 4305 ergo
792 4245 874 4292 Orsua
886 4241 978 4293 Babae.
1010 4243 1094 4309 Neque
1108 4247 1170 4296 enirn
1187 4251 1224 4297 ri·

176 4360 179 4366 ,
215 4307 345 4372 ⁷⁵Cydcra]
367 4308 405 4359 Sic
416 4309 529 4372 sigonius.
556 4309 688 4372 Autewy·
719 4307 858 4357 tlumerrin
871 4309 1123 4375 nomineurbir,quum
1134 4314 1223 4361 inlnc.

184 4371 279 4424 dmm.
720 4375 760 4422 su.
793 4372 904 4422 Octavius
916 4385 1008 4438 prator,
1016 4377 1055 4438 qui
1066 4379 1158 4426 Marcio
1171 4393 1224 4427 suc·

217 4433 240 4474 ⁷⁸
250 4435 331 4488 Onu
348 4436 445 4502 Buta]
473 4438 562 4490 Oreum
579 4439 634 4490 crbr
652 4449 689 4488 ert
721 4437 944 4497 castratorum
956 4440 1181 4492 veneramen.
