3184 5225
822 366 905 426 TlTl
926 368 1026 427 LlVll

826 468 839 500 l

212 518 413 591 uenan'ct
433 524 565 605 Bellum,
583 526 736 607 principes
762 524 873 606 gentis,
900 544 954 607 per
980 544 1055 605 quos
1081 523 1219 586 inducias
1245 538 1373 609 peteret,
1393 542 1431 593 nt

211 604 285 658 bc·
298 608 353 659 ¹⁶⁸·
381 614 548 677 deliberare
569 612 609 673 de
635 625 716 673 statu
740 630 840 672 rerum
864 631 986 672 suarum
1010 622 1124 694 posset.
1174 609 1291 675 Triduo
1317 616 1348 676 iu
1370 616 1431 679 hoe

381 702 469 778 dato,
492 720 584 783 quum
612 710 715 760 castra
744 697 885 759 Romana
913 698 1095 780 quingentos
1125 697 1222 759 ferme
1254 722 1361 782 passus
1392 704 1432 765 ab

382 788 456 849 urbe
478 788 628 861 abessent,
651 805 759 846 navem
780 784 971 863 conscendit,
993 797 1025 846 et
1038 783 1162 846 flumine
1178 784 1321 849 Barbana
1343 789 1449 850 navi·

383 884 437 956 gat
462 874 493 933 iu
520 872 617 933 lacurn
646 869 827 949 Labeatum,
851 870 934 932 velut
960 882 1111 932 secretum
1136 872 1237 934 locum
1258 884 1365 954 petens
1392 875 1431 937 ad

384 959 639 1035 consultandum
667 958 732 1035 sed,
747 968 782 1018 ut
797 957 949 1039 adparuit,
965 955 1041 1018 falsa
1061 978 1115 1041 spo
1129 959 1257 1035 excitus,
1276 959 1432 1022 Caravan-

384 1047 464 1110 tium
490 1046 626 1122 fratrem,
651 1047 679 1090 ⁷⁰
691 1044 797 1106 multis
823 1043 1166 1125 millibusarmatorurn
1195 1047 1272 1108 actis
1294 1051 1318 1092 ⁷¹
1332 1068 1370 1109 ex
1396 1068 1433 1110 ea

385 1134 521 1215 regione,
536 1133 568 1193 in
592 1151 683 1215 quam
704 1131 813 1193 missus
829 1142 904 1209 erat,
921 1131 1094 1193 adventare.
1116 1133 1166 1215 qui
1184 1145 1340 1217 postquam
1356 1156 1428 1197 eva-

385 1222 453 1281 nuit
477 1238 589 1296 mmor,
611 1218 703 1280 tertio
729 1231 800 1300 post
825 1218 875 1279 die
896 1238 1003 1280 navem
1026 1219 1165 1280 eamdem
1189 1220 1321 1281 secundo
1345 1222 1431 1283 amni

385 1304 533 1368 Scodram
553 1306 696 1368 demisit:
724 1305 943 1388 promissisque
966 1306 1095 1383 nunciis,
1119 1316 1153 1367 nt
1174 1306 1230 1367 sibi
1255 1307 1429 1389 adpellandi

283 1408 292 1420 ·
384 1392 520 1477 pretoria
548 1403 684 1475 potestas
710 1392 806 1467 fieret,
833 1392 923 1474 copia
947 1391 1040 1470 facta,
1063 1392 1095 1454 in
1121 1404 1221 1454 castra
1244 1394 1336 1455 venit.
1391 1392 1433 1456 Et

262 1474 288 1521 ’·
385 1478 569 1564 principium
599 1478 746 1541 orationis
776 1480 816 1539 ab
849 1480 1043 1539 accusatione
1076 1478 1213 1541 stultitia
1245 1500 1330 1541 orsus
1361 1502 1433 1560 suae,

384 1580 542 1651 postremo
572 1566 613 1626 ad
638 1586 743 1647 preces
770 1564 968 1648 lacrimasque
993 1564 1116 1643 effusus,
1141 1566 1270 1647 genibus
1296 1568 1432 1650 praetoris

386 1654 538 1729 accidens,
553 1653 584 1713 in
607 1663 869 1735 potestatemscse
886 1651 981 1713 dedit.
1035 1651 1146 1729 Primo,
1162 1654 1274 1714 bonurn
1296 1654 1430 1719 animum

386 1742 500 1803 habere
516 1738 629 1821 jussus,
645 1738 683 1800 ad
707 1758 826 1801 cranam
850 1739 942 1799 etiam
968 1738 1121 1816 invitatus,
1137 1739 1167 1798 in
1183 1740 1286 1800 urbem
1308 1740 1349 1802 ad
1363 1762 1434 1802 suos

385 1827 485 1905 rediit,
507 1839 540 1889 et
557 1847 632 1887 'cum
656 1834 783 1909 praetore
809 1846 846 1885 eo
871 1824 920 1885 die
935 1824 1102 1887 honorifice
1125 1836 1173 1885 est
1188 1826 1345 1907 epulatus:
1375 1828 1430 1888 de-

385 1914 457 1975 inde
479 1915 512 1974 in
531 1913 701 1975 custodiam
722 1910 759 1973 C.
772 1910 879 1972 Cassio
897 1911 1017 1973 tribuno
1039 1912 1169 1974 militurn
1189 1912 1327 1989 traditus,
1341 1914 1429 1975 ⁷²vix

385 1999 569 2081 gladiatorio
592 2010 721 2082 accepto
743 1998 851 2061 decern
873 1998 996 2060 talentis
1019 2000 1058 2059 ab
1079 2018 1151 2081 rege
1174 2018 1239 2078 rex,
1253 2010 1285 2059 ut
1306 2000 1337 2060 in
1357 2020 1430 2062 earn

386 2088 537 2149 fortunam
554 2086 712 2148 recideret.

396 2186 399 2192 '
438 2171 573 2235 XXXll.
607 2172 743 2249 Anicius,
775 2170 893 2235 Scodra
931 2184 1067 2256 recepta,
1105 2173 1180 2235 nihil
1210 2174 1304 2255 prius,
1340 2194 1431 2253 quarn

386 2260 545 2343 requisitos
561 2258 712 2321 Petillium
729 2258 968 2343 Perpernamque
986 2260 1102 2341 legatos
1123 2260 1161 2320 ad
1177 2280 1209 2321 se
1233 2260 1313 2337 duci,
1329 2257 1434 2341 jussit.

387 2348 494 2431 quibus
518 2346 680 2429 splendore
703 2368 758 2408 suo
783 2346 936 2425 restituto,
952 2345 1134 2428 Perpernam
1158 2347 1315 2428 extemplo
1337 2347 1435 2409 mittit

270 2436 277 2448 '
304 2504 310 2515 ι
388 2434 428 2494 ad
454 2432 757 2515 comprehendendos
779 2434 895 2494 amicos
919 2446 1126 2515 cognatosque
1151 2434 1248 2513 regis:
1280 2434 1343 2517 qui,
1363 2431 1434 2494 Me-

348 2530 360 2541 ·
389 2520 531 2597 (leonem,
544 2516 725 2580 Labeatium
741 2520 842 2600 gentis
857 2520 973 2599 urbem,
984 2520 1149 2602 profectus,
1164 2522 1190 2565 ⁷³
1201 2518 1341 2581 Etlevam
1357 2540 1434 2581 uxo·

392 2624 456 2668 rem
476 2627 545 2692 curn
565 2604 636 2667 filiis
651 2605 781 2685 duobus,
796 2608 822 2652 ⁷⁴
836 2603 1047 2669 Scerdilaedo*
1065 2604 1275 2684 Pleuratoque,
1291 2619 1323 2670 ct
1338 2604 1435 2668 Cara·

388 2693 526 2755 vantium
556 2692 682 2754 fratrem
719 2691 867 2754 Scodram
897 2693 929 2754 in
965 2707 1065 2756 castra
1094 2694 1231 2756 adduxit.
1296 2694 1434 2768 Anicius,

388 2779 470 2841 bello
487 2778 590 2862 lllyrio
612 2782 639 2825 ⁷⁵
651 2780 731 2841 intra
753 2780 880 2860 triginta
896 2780 960 2842 dies
975 2780 1122 2863 perfecto,
1143 2781 1285 2842 nuncium
1301 2779 1432 2842 victoriae

390 2864 574 2948 Perpernam
600 2863 732 2928 Romam
759 2867 860 2928 misitr
891 2878 923 2928 et
953 2879 1023 2950 post
1053 2867 1116 2928 dies
1146 2888 1257 2950 paucos
1285 2865 1434 2928 Gentium

390 2973 493 3034 regern
516 2952 616 3034 ipsum
637 2972 707 3013 cum
730 2964 866 3036 parente,
894 2953 1033 3036 conjuge,
1057 2953 1111 3015 ac¹
1135 2954 1245 3031 liberis,
1269 2971 1304 3014 ae
1327 2953 1434 3032 fratrc,

389 3038 516 3121 aliisque
542 3039 728 3122 principibus
754 3036 935 3122 lllyriorum.
994 3038 1064 3102 Hoc
1090 3041 1184 3102 unum
1213 3040 1323 3101 bellurn
1349 3039 1437 3121 prius

388 3136 610 3209 perpetratum,
634 3145 724 3209 quam
748 3139 896 3208 coeptum,
917 3126 1022 3188 Rornae
1048 3127 1187 3188 auditum
1211 3139 1268 3189 est.
1316 3125 1436 3195 Quibus

332 3238 339 3251 ·
390 3212 507 3294 diebus,
532 3211 595 3274 haec
621 3213 802 3294 agebantur,
824 3211 948 3275 Perseus
973 3234 1092 3298 quoque
1120 3213 1151 3274 in
1182 3234 1297 3295 magno
1323 3223 1437 3274 terrore

608 3351 747 3403 ¹Srerdiieto
756 3354 831 3402 Groe.
843 3354 912 3405 Crer.
1038 3351 1080 3402 lue
1093 3353 1140 3403 del.
1153 3353 1216 3401 Eoed.

422 3469 448 3506 ⁷⁰
462 3467 544 3516 Multis
562 3469 660 3516 numus
676 3477 812 3516 nnmerum
831 3467 895 3529 artie]
930 3467 1016 3516 talenta
1037 3479 1091 3516 auur
1117 3483 1201 3516 marcae
1223 3468 1312 3531 urgenti
1327 3477 1441 3518 nostmrea

326 3528 331 3541 '
389 3533 469 3594 Megia
488 3534 587 3596 placeret
609 3549 663 3582 rum
685 3533 803 3583 Gronorio
822 3531 899 3594 legere
931 3533 1107 3582 §liburni-el.

389 3602 475 3647 mair.
963 3597 985 3632 ⁷³
1003 3597 1102 3646 Etleuam
1120 3597 1220 3662 urorum]
1248 3599 1321 3664 Supra
1349 3615 1370 3648 e.
1399 3600 1442 3648 tu.

419 3663 445 3701 ³¹
463 3662 498 3711 Er
523 3679 549 3710 ee
574 3667 662 3729 regione
682 3667 707 3714 in
734 3681 800 3727 quana
826 3665 900 3712 minua
931 3661 1330 3712 dretturcenrimuxoremtaxare
1343 3663 1440 3712 Etutam

390 3729 450 3794 nrt]
479 3727 540 3778 lite
561 3743 607 3776 non
629 3731 739 3778 ridentur
755 3729 900 3788 intelligenda
934 3725 1033 3776 Horruni
1056 3728 1217 3776 Dardanorum
1237 3730 1343 3793 principis
1363 3729 1443 3777 liliam.

389 3809 442 3844 erre
458 3795 488 3844 de
506 3793 791 3860 expedicionecaravanrii
813 3796 838 3841 in
853 3795 899 3841 Cr·
933 3791 978 3840 Sed
1002 3794 1098 3842 sonasse
1115 3793 1175 3841 idem
1201 3805 1237 3843 ert
1264 3810 1349 3843 nomen
1371 3793 1443 3841 Errare

390 3863 448 3923 rior,
460 3865 489 3910 de
499 3877 543 3924 qua
553 3875 575 3908 e.
591 3875 662 3924 praec.
673 3858 721 3920 egit
732 3859 815 3906 Livius.
848 3858 899 3906 De·
932 3869 957 3905 et
980 3857 1070 3908 Etiam.-
1096 3858 1190 3906 fortene
1210 3859 1321 3908 alterutro
1342 3861 1366 3907 iu
1387 3858 1441 3907 loeo

391 3927 493 3988 aiguatm
515 3926 591 3989 potius
616 3925 688 3973 amica
715 3925 789 3987 aliqua
818 3922 900 3971 Gentii
932 3923 1067 3972 ritiumest.
1098 3923 1444 3986 Nilrilquoqueveratcredm

391 3993 464 4051 regio,
483 3995 508 4038 iu
526 4005 594 4053 quarn
617 3989 775 4045 cavannos,
793 4005 806 4035 a
825 3989 900 4038 Caviis
932 3989 1027 4037 Etutam
1045 3999 1085 4036 aut
1104 4001 1228 4046 monum,
1244 4002 1283 4038 eut
1299 3989 1442 4052 repudiatam

392 4056 431 4103 rel
440 4070 552 4112 reserans,
561 4053 598 4102 rel
608 4065 736 4116 revocatura,
747 4059 829 4102 minue
840 4066 900 4104 esset
931 4055 1008 4102 luisse.

392 4119 491 4166 elratre
508 4120 619 4182 uteopiaa
629 4120 783 4168 contraheret.
816 4121 840 4166 ld
853 4119 899 4168 lor·
963 4119 984 4155 Ἡ
997 4119 1125 4181 Scerdiiero]
1147 4119 1215 4166 Liber
1230 4117 1310 4166 habuit
1322 4116 1441 4167 Scerdilioss

391 4195 454 4231 tasse
465 4182 547 4230 elarius
563 4197 728 4235 memoraverat
739 4185 817 4233 livius
833 4186 856 4232 iu
873 4185 900 4232 iia
932 4183 1037 4244 Sigonius
1058 4186 1161 4242 mutavit,
1177 4184 1227 4245 quia
1246 4181 1378 4230 Srrrdr'letua
1396 4197 1443 4228 no·

393 4247 652 4375 quzui'idmglbedibntdrio
668 4315 765 4379 rueme]
788 4316 899 4380 Acceptis
931 4245 1394 4378 Pplrepbrdtnexllldrildioblrllldllibdirmffim’
1415 4259 1443 4295 m

392 4377 473 4424 decem
492 4376 592 4436 talentis,
612 4395 664 4440 quse
684 4383 789 4444 pruni:
810 4396 899 4430 summa
964 4378 987 4415 ⁷⁵
999 4377 1064 4426 latre
1085 4331 1178 4444 triginta
1196 4375 1252 4442 dier]
1281 4377 1400 4440 Appianas
1418 4376 1443 4426 in

392 4443 429 4489 rix
445 4453 509 4490 tanta
525 4453 571 4501 ert,
583 4457 667 4504 quanta
681 4446 729 4493 dari
745 4448 806 4497 solet
823 4447 850 4493 iia
861 4447 900 4508 qui
932 4443 1031 4509 illyricis
1042 4442 1111 4494 hebet
1122 4443 1263 4494 solummodo
1272 4443 1361 4508 uiginti.

391 4521 484 4574 operam
503 4523 568 4556 ruam
589 4523 665 4558 arene
686 4510 769 4561 locant.
809 4511 901 4560 Decem
