3184 5225
570 617 641 741 T.
667 635 842 740 LIVII
894 635 1207 740 PATAVIN
1212 635 1239 740 I

721 870 913 946 maan
961 870 1084 943 xmr.

782 1109 1014 1125 ψ

202 1277 361 1330 ¹11.0.579.
428 1264 464 1327 1..
479 1259 726 1326 POSTUMIUS
740 1262 880 1340 Albinus,
902 1259 950 1324 M.
966 1259 1109 1345 Popillius
1125 1259 1233 1324 Laenas
1254 1280 1347 1343 quum
1362 1280 1431 1324 om·

89 1405 94 1412 .
215 1342 356 1394 32⁰·¹⁷³·
383 1352 469 1415 Mum
487 1352 618 1434 primum
643 1349 681 1411 de
701 1349 863 1432 provinciis
887 1349 1127 1432 exercitibusque
1150 1348 1192 1410 ad
1214 1359 1356 1410 sanatum
1379 1367 1430 1409 re-

214 1410 372 1530 ffiffi,
385 1439 535 1514 tulissent,
564 1435 690 1520 Ligures
719 1436 838 1516 utrique
869 1435 984 1497 decreti
1014 1446 1106 1498 sant:
1144 1445 1178 1496 ut
1202 1455 1296 1498 novas
1327 1434 1432 1512 ambo,

214 1538 357 1655 dl&
385 1526 577 1690 ultam
591 1521 999 1672 affirmabunt
1014 1519 1433 1691 ¹siuml’tr.nrb

384 1709 554 1762 sarecenos*
579 1695 709 1778 equites,
731 1707 762 1760 et
791 1695 1035 1778 supplementum
1065 1693 1221 1778 Hispania
1250 1695 1311 1756 tria
1334 1692 1433 1754 millia

382 1785 522 1868 peditum
548 1781 757 1846 Romanorum
782 1781 958 1859 scriberent,
984 1781 1186 1846 etfducentos
1210 1779 1335 1859 equites.
1379 1777 1433 1841 Ad

383 1874 445 1934 hoc
460 1869 543 1933 mille
564 1881 598 1932 et
611 1869 770 1952 quingenti
792 1869 911 1952 pedites
933 1867 1065 1931 Romani
1081 1889 1151 1930 cum
1173 1876 1298 1926 centum
1320 1863 1434 1944 equiti·

381 1957 441 2020 bas
457 1957 550 2020 scribi
560 1954 637 2039 jussi
650 1980 660 2034 3
686 1977 756 2018 cum
771 1955 879 2037 quibus
901 1967 1023 2038 prator,
1038 1954 1086 2016 cui
1102 1949 1245 2014 Sardinia
1262 1949 1434 2032 obtigisset,

384 2044 418 2106 in
437 2041 596 2108 Corsicam
622 2054 824 2124 transgressus
847 2040 961 2103 bellum
982 2049 1102 2118 gereret
1109 2060 1120 2115 3
1154 2037 1276 2100 interim
1299 2035 1348 2098 M.
1363 2035 1434 2100 Ati·

383 2130 452 2210 lius,
476 2143 564 2193 vetus
589 2138 711 2211 prator,
735 2127 923 2206 provinciam
950 2125 1102 2186 obtineret
1126 2119 1309 2186 Sardiniam.
1353 2121 1434 2186 Pne-

382 2227 465 2279 tores
480 2214 591 2278 deinde
616 2211 785 2294 provincias
810 2211 908 2272 sortiti
923 2222 1005 2289 sunt,
1028 2209 1067 2272 A.
1081 2209 1192 2272 Atilius
1213 2205 1359 2273 Serranus
1381 2229 1433 2270 ur·

380 2301 507 2380 barram,
537 2299 573 2360 C.
601 2297 723 2359 Cluvius
749 2293 865 2358 Saxula
890 2295 970 2358 int‘er
998 2297 1079 2359 cives
1110 2310 1143 2359 et
1172 2298 1358 2380 peregrinos,
1390 2291 1436 2358 N.

381 2385 496 2452 Fabius
521 2382 621 2452 Buteo
645 2381 829 2464 Hispaniam
855 2383 1040 2462 citeriorem,
1063 2379 1110 2445 M.
1125 2381 1282 2446 Μεῑίεηιιε
1308 2381 1433 2445 ulterio-

385 2494 461 2550 rem,
485 2469 535 2531 M.
549 2467 655 2531 Furius
681 2466 838 2551 Crassipes
854 2465 1003 2548 Siciliam,
1028 2467 1065 2532 C.
1080 2469 1234 2532 Cicereius
1250 2467 1436 2532 Sardiniam.

382 2555 563 2639 Priusquam
587 2553 784 2637 magistratus
809 2554 1082 2638 proficiscerentur,
1103 2557 1221 2621 senatui
1246 2556 1374 2639 placuit,
1397 2553 1436 2620 L.

385 2643 577 2706 Postumium
601 2642 757 2703 consulem
771 2642 812 2703 ad
835 2663 938 2724 agrum
963 2643 1118 2726 publicum
1145 2644 1301 2728 aprivato
1326 2642 1434 2706 termi-

384 2730 522 2791 nandum
537 2729 570 2789 ia
584 2726 785 2810 Campaniam
801 2729 864 2806 ire3
900 2728 986 2811 cujus
1000 2731 1155 2813 ingentem
1180 2730 1304 2793 modam
1331 2728 1433 2812 possi-

384 2816 458 2879 dere
483 2816 628 2899 privatos,
646 2814 806 2896 paullatim
832 2816 1013 2897 proferendo
1037 2816 1123 2897 lines,
1147 2818 1315 2879 constabat.
1359 2812 1436 2895 Hic,

386 2902 483 2965 iratus
497 2900 697 2980 Praenestinis,
720 2900 814 2981 quod,
838 2922 961 2967 crimea
985 2902 1119 2986 privatus
1141 2902 1278 2967 sacnlicii
1305 2902 1337 2963 in
1352 2912 1433 2965 tem-

384 2991 439 3073 plo
455 2988 596 3052 Fortuna
610 2986 746 3049 faciundi
769 3008 878 3049 caussa
892 2989 1046 3071 profectus
1070 3001 1160 3069 esset,
1174 2989 1251 3051 nibil
1266 2982 1297 3051 iri
1320 3009 1353 3050 se
1375 2988 1433 3049 hoa

384 3076 522 3155 norilice,
537 3094 637 3157 neque
659 3074 792 3158 publice,
818 3094 917 3156 neque
942 3078 1094 3161 privatim,
1119 3076 1234 3138 sactum
1255 3096 1273 3137 a
1296 3073 1433 3136 Praenes-

359 3208 363 3214 ·
385 3162 459 3227 tinia
475 3174 567 3241 esset,
588 3162 764 3245 priusquam
779 3162 819 3223 ab
840 3159 942 3223 Roma
963 3162 1213 3245 proficisceretur,
1234 3160 1339 3236 literas
1353 3158 1434 3227 Pra-

384 3261 472 3313 meste
498 3250 594 3328 misit,
617 3259 653 3312 ut
665 3248 722 3310 sibi
748 3248 944 3330 magistratus
958 3250 1080 3311 obviam
1107 3251 1215 3324 exiret,
1236 3249 1340 3310 locum
1355 3248 1435 3330 pab-

384 3336 591 3417 desperaret,
606 3336 659 3397 ubi
673 3335 888 3413 diversaretur,
896 3335 1109 3417 jumentaque,
1125 3352 1217 3412 quum
1234 3334 1330 3395 exiret
1352 3332 1436 3411 inde,

276 3438 283 3452 ·
333 3465 343 3480 .
385 3433 497 3502 presto
511 3433 623 3483 esseut.
666 3420 750 3483 Ante
764 3422 847 3480 hunc
874 3418 1041 3497 consulem,
1061 3438 1153 3481 nemo
1176 3438 1321 3499 umquam
1343 3419 1435 3481 sociis

244 3570 251 3582 ,
362 3506 420 3567 ·ia
440 3506 504 3567 ulla
518 3528 551 3567 re
566 3506 652 3567 oneri
675 3516 730 3566 aut
743 3505 856 3565 sumtui
873 3505 941 3567 fuit.
963 3504 1035 3567 ideo
1057 3504 1251 3586 magistratus
1274 3504 1363 3566 mulis
1385 3515 1435 3565 ta·

272 3636 278 3649 .
386 3591 614 3675 bemaculisque
638 3602 671 3652 et
685 3590 769 3652 omni
785 3590 845 3651 alio
869 3590 1072 3653 instrumento
1087 3590 1211 3653 militari
1236 3592 1436 3669 ornabantur,

386 3679 515 3761 nequid
540 3678 601 3740 tale
627 3677 811 3760 imperarent
836 3677 935 3738 sociis.
959 3678 1079 3759 privata
1097 3677 1231 3759 hospitia
1256 3677 1435 3755 habebant3

287 3780 290 3784 ’
386 3788 425 3829 ea
442 3767 572 3847 benigne
597 3763 785 3842 comiterque
810 3762 973 3825 colebant:
1007 3764 1173 3845 domusque
1197 3784 1303 3825 comm
1328 3761 1438 3825 Romae

385 3854 558 3936 hospitibus
587 3848 745 3932 patebant,
785 3848 868 3929 apud
897 3870 972 3930 quos
1009 3851 1081 3934 ipsis
1112 3850 1217 3911 diverti
1249 3870 1316 3911 mos
1346 3858 1439 3912 esset.

386 3936 509 4019 Legati,
524 3938 575 4019 qui
597 3944 721 4020 repente
736 3933 840 4014 aliquo
855 3934 1058 4016 mitterentur,
1081 3936 1200 4019 singula
1220 3933 1364 4017 jumenta
1378 3954 1436 4017 per

386 4024 511 4105 oppida,
526 4025 585 4085 iter
599 4044 658 4104 qua
672 4019 869 4083 faciunduml'
885 4034 962 4103 erat,
977 4023 1191 4106 imperabant:
1215 4022 1308 4083 aliam
1323 4022 1434 4101 inpen-

386 4129 452 4170 sam
467 4109 543 4171 socii
569 4109 600 4170 in
615 4109 810 4189 magistratus
826 4106 984 4171 Romanos
1006 4130 1069 4171 non
1085 4109 1248 4171 faciebant.
1294 4110 1303 4145 ¹
1317 4103 1435 4185 lnjuria

386 4195 529 4273 consulis,
544 4193 664 4256 etiamsi
686 4193 782 4277 justa,
795 4215 860 4258 non
875 4206 979 4257 tantm
1003 4196 1033 4257 in
1049 4197 1231 4279 magistratu
1253 4190 1434 4269 exercenda,

511 4336 524 4363 ⁸
538 4328 809 4380 ψωλὴν.
1067 4326 1079 4362 l
1086 4328 1223 4394 sariendus
1234 4329 1304 4380 Creu.

418 4444 645 4511 ¹Isjuriocontulis,
654 4446 816 4512 majesta]
837 4446 891 4495 Ma·
923 4446 1009 4506 injurio
1027 4446 1112 4509 jutta?
1136 4446 1269 4497 Emendaat
1295 4446 1344 4495 be:
1375 4442 1439 4495 bom

382 4517 494 4568 uitem
520 4511 639 4563 meadum.
679 4510 744 4561 Ouid
769 4523 806 4561 est
830 4512 892 4562 enim
924 4524 1000 4561 seusa
