3184 5225
259 336 269 361 t
344 304 415 364 w
465 306 482 339 ⁸
667 324 673 331 ·
771 294 976 356 amutal

175 442 327 515 mcum
341 452 365 489 “
376 454 488 533 fedati,
501 462 541 515 et
550 452 584 514 in
597 452 695 514 aciem
710 470 750 513 ex
764 450 874 513 itinere
889 449 1013 515 duxisti.
1043 444 1094 513 Ne
1107 449 1258 515 victorem
1272 452 1398 533 quidem

172 525 206 579 Α·
218 524 310 581 ⁰¹1¹⁶⁷
311 564 319 579 ·
341 541 366 576 “
380 552 418 603 te
427 540 621 623 adquiescere
648 558 754 621 passus
768 548 834 599 est:
869 537 974 600 statim
989 536 1030 599 ad
1049 538 1272 621 persequendos
1288 538 1396 603 hostes

341 628 365 663 “
379 628 479 691 drmit.
500 623 604 696 Quum
618 624 760 708 tepraeda
775 622 936 707 partienda
955 623 1139 707 locupletem
1154 622 1256 687 facere
1279 639 1410 709 posset„

331 714 364 748 '“
458 713 541 775 niam
552 712 669 795 regiam
681 710 880 773 translaturus
891 711 923 773 iu
933 710 1089 794 triumpho
1101 722 1160 786 est,
1171 721 1203 773 et
1212 711 1243 773 in
1254 712 1394 777 serarium

341 800 365 833 “
424 796 528 863 urus.”
552 796 628 861 Haec
640 798 719 859 sicut
727 796 765 861 ad
775 796 906 860 militum
917 797 1035 863 animos
1046 796 1247 861 stimulandos
1259 798 1395 881 aliquem

341 887 509 951 ‘aculeum
523 886 649 963 habent,
661 884 712 967 qui
728 885 836 967 parum
850 884 992 960 licentia,
1003 904 1112 969 parum
1123 883 1256 947 avaritia
1268 906 1329 949 suae
1344 886 1394 949 in·

340 974 353 1008 ‘
366 974 512 1035 servitum
526 983 653 1035 censent
661 994 672 1049 ;
704 972 748 1033 ita
762 970 846 1053 apud
867 971 1013 1055 populum
1028 969 1202 1033 Romanum
1214 971 1289 1033 nihil
1304 972 1395 1035 valu-

340 1059 480 1123 ‘iaaentr
503 1058 566 1141 qui,
582 1070 617 1119 ut
630 1070 735 1119 uetera
749 1069 841 1139 atque
856 1056 963 1120 audita
977 1079 996 1119 a
1010 1057 1187 1141 parentibus
1196 1059 1255 1119 suis
1267 1080 1329 1121 oon
1341 1080 1392 1121 rc-

340 1145 463 1230 ‘petat,
478 1165 544 1227 quae
559 1144 726 1207 ambitione
741 1144 961 1227 insperatomm
975 1143 1077 1207 clades
1089 1158 1220 1227 acceptae
1234 1144 1306 1223 sint,
1320 1165 1389 1225 qua

340 1231 353 1265 ‘
365 1226 525 1295 severitate
537 1230 657 1315 imperii
668 1230 803 1293 victoriae
814 1242 919 1313 partae,
928 1230 1069 1314 proximo
1080 1242 1162 1293 certe
1167 1228 1287 1293 'Punico
1297 1230 1393 1311 bello,

339 1317 436 1401 ‘quid
461 1319 540 1381 inter
554 1316 602 1381 M.
616 1316 789 1379 Minucium
809 1317 988 1399 magistmm
1003 1318 1138 1399 equitum
1159 1327 1191 1378 et
1205 1316 1246 1389 Q.
1262 1315 1393 1380 Fabium

338 1400 541 1469 ‘Marrimum
557 1402 739 1468 dictatorem
754 1402 937 1483 interfuerit,
952 1403 1103 1467 meminit.
1135 1404 1160 1441 ⁸¹
1174 1402 1283 1485 ltaque
1299 1422 1394 1465 accu-

341 1489 500 1555 ‘aatorem
526 1490 560 1553 id
583 1492 659 1553 scire
682 1491 828 1575 potuisse,
851 1502 884 1553 et
904 1510 1159 1573 supervacaneam
1183 1490 1413 1556 defensionem¹

341 1574 466 1641 ‘Paulli
492 1576 594 1641 luisse.
650 1574 838 1640 Transeatur
867 1577 908 1638 ad
939 1577 1066 1641 alteram
1095 1576 1296 1639 concionem:
1335 1597 1396 1642 nec

341 1663 352 1696 ‘
367 1662 502 1735 Quirites
516 1686 579 1743 vor,
602 1664 659 1727 sed
672 1662 783 1725 milites
797 1663 903 1726 videor
918 1664 1135 1747 adpellaturus,
1158 1663 1183 1725 si
1198 1684 1313 1727 nomeu
1333 1664 1394 1725 hoc

342 1749 477 1813 ‘saltem
499 1750 640 1814 ruborem
665 1750 812 1827 incutere,
827 1762 860 1813 et
873 1750 1089 1815 uerecundiam
1107 1749 1243 1831 aliquam
1259 1750 1394 1834 impera-

342 1836 354 1869 ‘
367 1838 446 1901 roris
459 1835 590 1899 violandi
607 1835 724 1899 adferre
739 1836 858 1921 possit?

346 1974 350 1983 .
381 1920 562 1987 XXXVlll.
585 1920 760 2005 ‘Equidem
776 1922 841 2006 ipse
857 1922 946 1985 aliter
966 1920 1104 1987 adlectus
1118 1923 1222 1985 animo
1244 1945 1321 2001 aum,
1338 1922 1393 2003 qui

341 2010 351 2041 ‘
365 2002 450 2093 apud
463 2009 631 2071 exercitum
655 2007 730 2069 mihi
746 2008 829 2089 loqui
843 2008 956 2087 videar,
971 2030 1064 2091 quam
1080 2010 1182 2094 paullo
1202 2020 1272 2071 ante
1294 2029 1395 2089 eram,

341 2095 353 2127 ‘
388 2116 460 2157 uum
475 2094 516 2157 ad
531 2094 651 2177 plebem
665 2092 815 2155 urbanam
830 2095 989 2175 spectabat
1004 2097 1113 2159 oratio.
1157 2096 1275 2165 ”Quid
1291 2096 1391 2160 etiam

341 2115 479 2259 ‘licina
495 2178 629 2244 milites?
660 2178 778 2261 Aliquis
793 2192 842 2241 est
866 2176 984 2257 Roma,
999 2193 1108 2262 prester
1133 2178 1250 2259 Persea,
1266 2182 1317 2263 qui
1333 2182 1392 2245 tri·

339 2266 507 2353 ‘umpbari
522 2266 560 2329 de
571 2262 794 2329 Macedonibus
811 2264 911 2327 nolit?
949 2276 1066 2327 etcum
1080 2286 1143 2329 non
1165 2266 1274 2329 iisdem
1290 2267 1395 2331 mani-

340 2353 352 2386 ‘
365 2350 423 2417 bus
435 2350 617 2437 discerpitis,
627 2351 735 2433 quibus
746 2349 939 2413 Macedonas
954 2349 1067 2415 vicistis
1080 2350 1092 2413 l
1115 2349 1247 2415 Vincere
1255 2373 1309 2415 vos
1319 2372 1396 2438 pru·

236 2445 237 2453 ’
340 2440 353 2472 ‘
365 2440 527 2516 inbuisset,
553 2438 581 2499 si
604 2437 765 2521 potuisset,
790 2438 841 2520 qui
865 2437 1087 2521 triumphantes
1102 2438 1208 2501 urbem
1229 2438 1306 2504 inire
1321 2462 1416 2525 pro-.

341 2526 463 2589 ‘hinec
506 2524 634 2603 Erratis,
654 2524 776 2602 milites,
792 2524 819 2587 si
840 2523 1030 2607 triumphum
1045 2524 1236 2609 imperatoria
1260 2537 1397 2607 tantum,

339 2614 352 2646 ‘
367 2625 401 2676 et
413 2634 477 2678 non
492 2613 622 2676 militum
643 2631 763 2694 quoque
778 2622 811 2672 et
824 2610 955 2674 universi
971 2612 1077 2696 populi
1094 2610 1239 2690 Romani,
1252 2635 1319 2676 esse
1334 2613 1392 2678 de·

340 2701 421 2764 ‘cus
435 2699 577 2764 censetis.
611 2695 715 2760 88Νοη
730 2698 819 2761 unius
834 2699 894 2760 hoc
910 2695 1018 2762 Paulli.
1056 2697 1151 2763 Multi
1166 2700 1268 2778 etiam,
1282 2699 1334 2784 qui
1349 2700 1393 2762 ab

290 2802 292 2812 ’
339 2786 475 2852 ‘seuam
489 2807 553 2850 non
576 2785 779 2868 impetrarunt
802 2785 1004 2868 triumphum,
1018 2786 1050 2847 in
1072 2796 1178 2850 monte
1197 2787 1316 2849 Albano
1332 2786 1394 2847 tri-

339 2873 561 2956 ‘umpharunt
584 2869 840 2935 NemoL.Paullo
850 2871 1069 2956 magiseripere
1079 2871 1174 2938 decus
1182 2872 1306 2956 perfecti
1316 2873 1395 2938 belli

340 2959 351 2993 ‘
365 2957 562 3022 Macedonici
572 2969 686 3044 potest,
699 2979 791 3040 quam
804 2955 840 3020 C.
851 2955 978 3022 Lutatio
989 2959 1079 3043 primi
1092 2956 1198 3022 Punici
1208 2959 1290 3036 belli,
1298 2979 1396 3043 quam

340 3043 399 3112 ‘P.
415 3043 558 3110 Cornelio
580 3045 719 3124 secundi,
733 3047 860 3130 ⁸⁴quarn
875 3045 945 3132 illis,
960 3045 1010 3127 qui
1026 3057 1097 3129 post
1116 3068 1168 3111 eos
1185 3045 1394 3128 triumphave-

340 3132 463 3197 ‘runt‘.
484 3129 551 3194 Nec
566 3129 603 3194 lr.
618 3129 756 3196 Paullum
772 3132 922 3196 minorem
939 3145 992 3194 aut
1009 3131 1158 3214 majorem
1171 3133 1395 3216 imperatorem

340 3217 353 3252 ‘
367 3219 538 3302 triumphus
549 3217 789 3284 facietmilitum
801 3220 898 3300 magis
908 3219 940 3280 in
950 3218 1009 3279 hoc
1018 3219 1206 3304 universique
1216 3217 1399 3303 populiRo·

338 3304 446 3374 ‘mani
462 3305 545 3368 lama
560 3305 668 3386 aginu.
684 3305 817 3388 primurm
833 3307 905 3368 “ne
920 3305 1038 3368 invidiae
1054 3317 1089 3367 et,
1100 3305 1212 3389 ingrati
1227 3305 1325 3369 animi
1335 3307 1396 3376 ad·

339 3390 350 3424 ‘
363 3412 466 3456 seram
475 3391 676 3464 clarissimum
684 3413 837 3476 quemque
847 3393 944 3454 civem
953 3393 1130 3475 opinionem
1141 3393 1311 3472 habeat,et
1320 3393 1395 3460 imi-

338 3476 676 3562 ‘tariinlrocpopnlum
685 3479 1110 3558 Athanicmem‚laeerantem
1119 3480 1401 3564 invidiaprincipea
1496 3548 1497 3569 p

339 3562 446 3643 ‘auoq
457 3565 605 3628 videatur.
627 3563 709 3628 Satis
718 3578 879 3650 peccamm
890 3567 921 3627 in
930 3563 1093 3629 Carnilloa
1103 3565 1272 3652 majoribus
1282 3567 1396 3630 ma

335 3650 347 3683 ‘
361 3662 517 3736 ecquem
526 3665 631 3720 tamen
642 3664 714 3716 aute
722 3665 880 3736 receptam
890 3673 944 3737 per
954 3675 1025 3715 eum
1036 3675 1056 3718 a
1066 3651 1162 3718 Gallis
1173 3655 1283 3718 urbem
1291 3651 1394 3718 uiola-

393 3776 479 3834 ¹mrem
486 3767 576 3836 [deam
585 3771 665 3834 caiqm
672 3769 725 3834 sua]
735 3772 828 3836 illisqui
838 3771 903 3839 [arte
911 3779 984 3834 portos
992 3771 1036 3835 eos]
1049 3771 1253 3833 membrorum.
1262 3769 1332 3819 Cra.

369 3857 393 3898 ⁸¹
410 3857 490 3924 lluqtu
508 3859 666 3920 ammon]
695 3859 742 3908 Hic
763 3859 849 3924 aliquid
879 3859 1264 3924 aliqua‘excidirrmtaateriscum
1271 3875 1398 3927 appula&

341 3925 564 3986 utqnodolleudat.
581 3923 792 3986 LegitGrouorius:
804 3929 849 3974 ita-
880 3927 937 3973 dum
947 3943 996 3975 esre
1006 3938 1059 3991 port
1069 3941 1156 3974 nomm
1168 3924 1256 3976 Paulli.

336 3998 527 4047 murmurator
536 3991 847 4052 idacircpotuissemtmper·
913 3991 934 4024 Β*
953 3991 1025 4046 Quam
1038 3989 1276 4054 [daorrueur‘querua]
1296 3988 1399 4052 illisqui

339 4065 435 4126 vacunae
447 4051 526 4102 Paulli
534 4053 628 4119 &casio
628 4054 720 4120 suimet.
746 4055 847 4106 Nonii·
878 4055 944 4167 [aare
953 4065 1024 4117 postue
1032 4054 1076 4117 aar]
1089 4053 1291 4126 tmanpbamruut]
1313 4051 1397 4105 flue

340 4116 396 4178 qued
406 4117 568 4179 liviodigairu
577 4120 742 4170 derideremur.
888 4122 1080 4170 acuminuetere
1091 4119 1214 4186 exemplari
1224 4117 1341 4174 mutilum,
1350 4129 1397 4168 ut·

371 4179 395 4214 ⁸³
412 4179 473 4238 Quid
490 4186 565 4261 ¹etiams
589 4185 673 4250 dicitis]
703 4187 765 4250 Lege
792 4202 847 4236 cum
881 4181 1399 4262 cunqueuexpletumhrberexGmnoriilcra

338 4245 586 4363 Mgnllrbl'llrlildlldc
597 4311 683 4364 Paulli.
700 4316 772 4366 Multi
782 4318 849 4366 ctiam
879 4247 1402 4380 bedbtdilffibidlrbtrlurdlscdbmrddbhdbertdffi

338 4411 348 4425 .
359 4379 480 4428 damu
489 4377 573 4424 Albano
583 4381 761 4446 ammpluncu]
786 4381 849 4431 Hac
914 4381 936 4415 ⁸⁵
954 4379 989 4429 Ne
999 4383 1088 4432 incidire
1098 4390 1119 4432 el
1129 4381 1213 4446 urgenti
1230 4377 1317 4446 mm]
1327 4378 1401 4431 Male

337 4458 421 4492 mea
443 4456 494 4508 erpo
516 4440 586 4492 cuivis
608 4454 684 4510 pater.
726 4445 849 4498 Credimus
881 4448 957 4498 lemur
966 4449 1045 4500 incidi.
