3184 5225
411 344 469 409 172
765 402 773 411 ⁸
839 335 923 396 Tm
944 336 1045 397 L1v11

236 498 382 557 U·0·5tt.
408 495 539 559 consulis
552 492 643 555 verba
653 488 850 575 juraverant:
886 502 919 555 et
931 492 1015 573 qood
1036 492 1171 555 militum
1186 489 1336 575 Corcyrae,
1356 490 1461 555 Bran-

240 565 273 615 Α·
285 566 315 617 c·
326 572 379 621 ¹⁶⁸·
408 583 489 659 disii,
505 581 544 642 ad
559 599 641 641 mare
655 598 809 661 superum,
834 588 887 639 aut
901 578 933 640 in
949 598 1022 661 agro
1037 576 1175 640 Larinati
1194 590 1285 656 esset,
1303 576 1460 658 (omnibus

406 669 455 731 his
469 668 545 728 locis
561 665 726 747 dispositus
742 664 895 729 exercitus
908 663 1017 743 fuerat,
1032 684 1102 727 cum
1117 685 1189 746 quo,
1203 665 1229 725 si
1242 686 1290 727 ras
1304 678 1458 748 posceret,
1552 694 1558 703 ·

407 752 443 815 0.
459 751 593 813 Licinius
619 751 742 833 collega
758 750 851 811 ferret
873 749 976 831 opem)
1004 751 1060 812 hos
1082 770 1190 812 omnes
1208 750 1320 813 milites
1339 751 1456 814 dimitti

405 838 538 921 placuit·
574 835 787 919 ¹Supplicatio
809 856 865 918 pro
880 837 1029 899 concione
1051 837 1155 919 populi
1170 836 1289 899 indicta
1301 850 1359 914 est,
1384 840 1458 899 ”ex

407 936 478 985 ante
502 923 585 984 diem
611 923 749 1005 quintum
780 920 853 983 ldus
877 921 1027 984 Octobres
1050 943 1121 984 cum
1135 944 1174 985 eo
1196 923 1248 984 die.
1273 924 1307 985 ln
1321 924 1458 1005 quinque

406 1008 482 1071 dies.

450 1093 507 1157 lll.
528 1094 577 1157 Ex
592 1092 714 1179 Illyrico
729 1095 791 1157 duo
807 1096 912 1177 legati,
928 1092 965 1155 C.
978 1093 1113 1156 Licinius
1127 1094 1231 1157 Nerva
1241 1106 1274 1158 et
1287 1095 1320 1159 P.
1329 1096 1458 1178 Decius,

406 1183 599 1260 nunciarunt,
623 1182 816 1243 ‘exercitum
833 1180 1002 1265 lllyriorum
1018 1202 1147 1243 casnm:
1179 1180 1326 1246 Gentium
1347 1204 1455 1265 regem
1486 1214 1492 1229 ·

406 1267 568 1351 ‘captum‚
594 1269 626 1329 in
641 1268 756 1331 ditione
771 1269 876 1350 populi
900 1266 1033 1328 Romani
1050 1278 1084 1329 et
1105 1266 1258 1351 Illyricum
1273 1268 1358 1331 esse!
1401 1269 1455 1332 Ob

407 1373 459 1415 eas
475 1376 532 1433 res,
547 1366 647 1436 gestas
671 1354 764 1415 ductu
780 1354 974 1435 auspicioque
993 1352 1029 1415 L.
1043 1352 1146 1415 Anicii
1162 1356 1308 1435 pratoris,
1330 1366 1455 1417 senatus

406 1438 438 1501 in
453 1442 586 1503 triduum
601 1441 839 1524 supplicationes
854 1439 999 1517 decrevit,
1014 1444 1037 1478 ¹¹
1052 1451 1086 1502 ut
1102 1438 1218 1501 Latinae
1232 1441 1340 1503 edicta
1349 1462 1456 1503 acon-

406 1526 470 1587 sule
486 1524 556 1588 suirt
578 1527 610 1587 in
626 1538 697 1587 ante
713 1539 855 1607 quartum
870 1539 903 1588 et
916 1526 1039 1588 tertium
1057 1537 1091 1587 et
1109 1526 1208 1606 pridie
1230 1524 1301 1588 Idus
1315 1525 1455 1590 Novem-

239 1604 392 1720 ὰῑίἲῑιῇξῑξθ·
405 1612 484 1675 bres.
545 1616 570 1651 ¹¹
586 1610 754 1675 Tradidere
783 1613 917 1693 quidam,
947 1612 1065 1693 legatos
1094 1611 1244 1691 Rhodios,
1275 1617 1300 1651 ¹³
1315 1613 1453 1675 nondum

240 1688 330 1789 Μ
346 1688 380 1723 ‘¹⁰
407 1700 525 1778 missos,
540 1712 612 1783 post
624 1699 781 1761 victoriam
797 1699 983 1776 nunciatam,
998 1699 1081 1759 velut
1101 1698 1141 1759 ad
1156 1698 1319 1761 ludibrium
1333 1700 1454 1762 stolide

317 1772 325 1790 ⁸
406 1787 563 1869 superbia,
584 1786 616 1847 in
631 1795 769 1847 senatum
784 1796 908 1846 vocatos
928 1806 1004 1846 esse.
1049 1784 1094 1845 lbi
1109 1785 1322 1866 Agesipolimb
1337 1785 1454 1868 princi·

306 1924 309 1929 .
405 1894 477 1956 pem
492 1892 596 1935 eorum
612 1872 656 1934 ita
670 1871 826 1933 locutum:
850 1871 861 1904 ‘
875 1870 988 1931 Missos
1002 1890 1069 1932 esse
1080 1871 1198 1952 legatos
1212 1872 1252 1932 ab
1266 1870 1396 1933 Rhodiis
1411 1874 1455 1935 ad

406 1959 540 2043 ‘pacem
556 1960 634 2020 inter
649 1956 805 2019 Romanos
817 1968 849 2017 ct
864 1955 972 2018 Persea
985 1955 1173 2033 faciendam3
1196 1956 1279 2037 quod
1294 1958 1326 2019 id
1337 1958 1455 2021 bellum

391 2044 640 2128 '‘grave-atque
664 2043 892 2105 incommodum
918 2040 1040 2104 Graeciae
1068 2044 1163 2120 omni,
1193 2056 1382 2107 sumtuosum
1414 2066 1454 2108 ac

408 2132 613 2193 ‘damnosum
629 2131 702 2213 ipsis
718 2129 865 2191 Romanis
880 2143 970 2191 essct.
1003 2127 1169 2191 Fortunam
1185 2131 1317 2211 perbene
1331 2131 1456 2210 fecisse,

407 2218 418 2253 ‘
432 2219 566 2299 quando,
576 2218 662 2279 linito
677 2216 764 2278 aliter
775 2216 866 2293 bello,
877 2215 1049 2297 gratulandi
1063 2216 1121 2276 sibi
1137 2215 1315 2279 devictoris
1327 2219 1456 2300 egregia

405 2304 417 2339 ⁴
433 2303 581 2383 Romanis
596 2304 853 2386 opportunitatem
869 2300 1023 2362 dedisset!
1068 2300 1143 2364 Haec
1158 2303 1197 2363 ab
1213 2302 1335 2364 Rhodio
1356 2303 1455 2366 (licta.

404 2388 599 2471 Responsum
615 2392 653 2450 ab
667 2401 773 2451 senatu
790 2410 867 2465 esse,
890 2389 900 2421 ‘
917 2392 940 2426 ¹⁴
951 2386 1089 2449 Rhodios
1103 2409 1160 2449 nec
1174 2388 1352 2450 utilitatium
1365 2388 1456 2453 Gne-

404 2475 495 2553 ‘ciae‚
511 2496 608 2556 neque
623 2495 696 2535 cura
712 2477 906 2557 inpensarum
921 2474 1023 2556 populi
1040 2474 1182 2551 Romani,
1202 2475 1256 2535 sed
1270 2496 1326 2558 pro
1342 2473 1456 2540 Perseo

404 2561 616 2644 ‘legationem
643 2582 711 2624 eam
737 2561 864 2623 misisse.
920 2558 1011 2638 Nam,
1038 2561 1063 2623 si
1088 2582 1126 2623 ea
1148 2560 1254 2623 luisset
1277 2582 1361 2641 cura,
1384 2583 1456 2645 quar

404 2647 628 2725 ‘simularetur,
655 2660 720 2710 tum
745 2649 912 2711 mittendos
932 2649 1049 2728 legatos
1071 2647 1174 2719 fuisse,
1198 2668 1291 2728 quum
1312 2649 1452 2728 Perseus,

403 2732 501 2794 ‘¹¹in
513 2731 724 2796 'l'hessalinme
757 2735 893 2796 exercitu
916 2735 1053 2810 inducto,
1068 2754 1123 2814 per
1147 2735 1302 2796 biennium
1327 2734 1454 2800 Graecas

403 2818 416 2854 ‘
430 2820 529 2897 urbes,
544 2821 617 2882 alias
633 2821 794 2897 obsideret,
808 2822 883 2882 alias
898 2820 1133 2882 denunciatione
1147 2841 1297 2881 armorum
1309 2834 1454 2886 terreret.

404 2906 417 2941 ‘
430 2903 511 2968 Tum
527 2906 640 2968 nullam
657 2907 739 2990 pacis
754 2908 794 2967 ab
809 2907 938 2968 Rhodiis
954 2907 1141 2968 mentionem
1156 2906 1277 2967 factam.
1321 2910 1347 2946 ¹⁶
1360 2905 1459 2971 Post·

405 2992 522 3073 ‘quam
539 3005 696 3074 superatos
711 2994 806 3054 saltus
822 3006 1083 3074 transgressosque
1102 2993 1135 3053 in
1151 2989 1366 3053 Macedoniam
1382 2991 1457 3055 Ro-

404 3078 539 3140 ‘manos
561 3079 710 3156 audirent,
736 3090 768 3140 et
791 3080 938 3140 inclusum
953 3080 1049 3140 teneri
1075 3077 1193 3157 Persea,
1216 3088 1287 3139 tuuc
1311 3077 1455 3142 Rhodios

404 3164 415 3199 ‘
431 3164 617 3246 legationem
632 3167 759 3244 misisse,
775 3185 838 3226 non
853 3166 892 3227 ad
907 3165 1001 3227 ullam
1019 3166 1110 3226 aliam
1126 3186 1200 3241 rem,
1216 3185 1307 3248 quam
1322 3165 1362 3224 ad
1378 3163 1453 3227 Per-

403 3250 483 3313 ‘sea
497 3273 537 3312 ex
562 3251 722 3313 inminenti
746 3251 881 3334 periculo
897 3249 1108 3333 eripiendum!
1129 3271 1200 3313 cum
1221 3252 1281 3312 hoc
1303 3271 1452 3334 responso

403 3337 523 3418 legatos
539 3337 688 3401 dimissos.

447 3421 501 3484 lV.
525 3421 581 3484 Per
596 3425 719 3486 eosdem
744 3425 808 3486 dies
823 3437 855 3488 et
878 3423 925 3487 M.
941 3423 1118 3503 Marcellus,
1136 3447 1176 3494 ex
1195 3427 1354 3508 provincia
1374 3425 1453 3488 His-

597 3561 609 3598 θ
621 3565 732 3628 Agepolim
745 3566 804 3630 llup.
1043 3571 1055 3598 ⁶
1067 3565 1175 3614 tuentia
1186 3564 1260 3615 Gron.

432 3705 445 3742 ⁹
473 3703 608 3767 snpplicatio
633 3721 673 3766 pro
698 3708 797 3754 concinas
822 3706 909 3770 prpuli]
942 3706 1040 3766 telligitr
1058 3723 1127 3768 quem
1139 3706 1183 3755 vid.
1191 3706 1260 3767 legat.
1271 3707 1310 3756 88.

400 3769 482 3818 Scribe
504 3772 597 3831 populor
622 3782 649 3817 ut
669 3771 687 3816 is
704 3786 768 3817 casus
788 3784 908 3830 regnora
975 3772 995 3805 ¹³
1014 3770 1116 3819 ll'ondum
1132 3770 1215 3836 urim]
1230 3773 1290 3833 Lege
1313 3785 1368 3819 cunr
1386 3770 1454 3820 Gro-

399 3836 471 3882 verbo
487 3836 571 3894 indicta
581 3843 620 3891 est,
629 3849 674 3882 non
686 3851 698 3880 a
717 3835 810 3883 nomine
826 3837 907 3885 concio.
939 3837 1007 3884 novio
1019 3838 1115 3884 nondum
1125 3839 1232 3884 oriminis.

401 3897 439 3946 lta
456 3900 519 3948 enim
534 3899 639 3948 dicebant
650 3899 783 3961 simpliciter
800 3915 907 3968 procun-
975 3902 996 3934 ¹⁴
1012 3901 1106 3948 Rhodios
1115 3919 1154 3949 ner
1163 3903 1286 3947 utilitatum
1298 3899 1453 3960 Graiqu-

401 3965 470 4011 cr'onr.
503 3965 541 4012 Sic
552 3965 567 4012 l.
580 3978 626 4013 vu.
637 3979 659 4013 c.
672 3967 709 4014 1⁰.
726 3963 907 4015 Dictator....
940 3965 1220 4027 quecnmimpmuamn]
1242 3965 1382 4028 l’rrepnsrera
1399 3965 1453 4012 col-

401 4027 463 4074 rnr‘ris
474 4043 515 4087 pro
530 4031 685 4078 mncivnreurn
700 4045 799 4094 pugnam
809 4029 909 4077 lnudilnn
940 4029 1023 4078 locatio
1040 4031 1169 4078 verborum.
1203 4029 1278 4090 Magis
1295 4030 1452 4094 placeretnrc

403 4091 466 4188 Mill·
487 4155 522 4204 Ετ
541 4165 592 4207 rntr
612 4161 637 4207 d'
723 4157 806 4226 intrim]
833 4159 910 4206 Vetus
941 4097 1064 4206 'nlullllllln⁸
1092 4095 1191 4206 llioe'clzl
1210 4111 1279 4158 mu
1303 4097 1454 4155 mm

401 4215 472 4267 lectio
491 4221 536 4269 l'uit
553 4241 579 4272 rs
592 4175 814 4288 unl'eelllrdqguintum.
847 4223 908 4273 co‘r-·
938 4175 1213 4286 Wll‘lnmllb'esr‘dlimlr]
1244 4225 1273 4271 ln
1296 4222 1455 4272 Gronorimis

401 4283 615 4401 ”lltsrllmfflffff'm
633 4356 707 4403 “Hm
814 4352 835 4416 t]
861 4351 908 4400 m
940 4288 1078 4400 mitioribus
1095 4290 1203 4338 mendose
1219 4289 1304 4350 legitur
1321 4291 1348 4336 irs
1361 4287 1455 4336 ‘sirn-

329 4387 332 4392 Ι
400 4411 452 4461 dele
462 4414 520 4461 duas
530 4416 616 4478 priores
626 4433 702 4475 nocer,
713 4371 840 4468 vel'elllldm
856 4418 908 4467 loco
974 4387 996 4452 l⁶
1014 4418 1132 4482 Postquam
1149 4449 1215 4468 ....
1238 4417 1358 4482 audirent]
1378 4417 1456 4467 ΜΟ

400 4476 457 4578 Ιοςιεἱ
463 4479 710 4612 εἲᾞῶξῃῦζυοῦῗὲο]
718 4487 847 4613 ἳέἷξέω
868 4549 905 4598 h·
939 4493 1019 4533 monet
1030 4483 1163 4535 Gronovius
1172 4484 1294 4546 legentum
1304 4485 1432 4535 nomn.
