3184 5225
574 765 633 868 T.
668 763 843 868 LIVII
882 763 1225 871 PATAVINI

733 1073 951 1148 LIBER
987 1073 1092 1148 XLI.

800 1388 996 1400 Ἢ-

474 1567 1360 1640 *41111*ᾖὲἥῆ11

220 1794 256 1842 υ.
267 1795 297 1842 c,
307 1795 363 1843 574.
389 1782 398 1818 ¹
412 1799 432 1840 a
445 1791 532 1861 patre
554 1780 585 1841 in
601 1793 677 1862 pace
692 1781 830 1843 habitam
846 1802 988 1860 armasse,
1005 1803 1100 1866 eoque
1112 1782 1264 1866 juventuti
1280 1784 1435 1866 predandi
1457 1813 1463 1828 ·

217 1858 293 1909 M·
307 1860 363 1909 ¹⁷⁸·
387 1866 506 1948 cupidoe
520 1879 681 1948 pergratus
695 1888 760 1928 esse
775 1868 944 1931 dicebatur.
1245 1869 1248 1874 ’
1381 1869 1383 1872 ’

216 1971 326 2022 luam
431 1951 458 2014 l.
480 1949 649 2014 Consilium
676 1954 715 2014 de
744 1952 852 2016 lstrico
878 1956 958 2018 bello
983 1975 1081 2036 quumv
1101 1956 1229 2018 haberet
1244 1959 1362 2035 consul,
1385 1958 1437 2020 alii

216 2037 312 2088 benum
386 2040 555 2120 gerendum
591 2040 757 2122 extemplo,
794 2053 959 2122 antequam
989 2043 1169 2105 contrahere
1198 2044 1303 2125 copias
1333 2045 1437 2106 hostes

385 2138 523 2206 possent,
545 2125 597 2186 alii
620 2126 841 2188 consulendum
866 2129 1112 2210 priusqsenatum
1136 2131 1309 2191 censebant.
1353 2127 1439 2192 Vicit

384 2212 546 2289 sententia,
562 2233 628 2292 quae
655 2212 737 2274 diam
761 2233 827 2274 nou
840 2215 1024 2298 proferebat.
1069 2214 1226 2278 Profectus
1242 2217 1280 2277 ab
1295 2215 1439 2297 Aquileia

384 2298 491 2359 consul
518 2309 618 2362 castra
647 2298 688 2359 ad
714 2299 814 2360 lacum
839 2297 960 2360 Timavi
986 2302 1109 2382 posuit,
1145 2301 1287 2379 (inminet
1312 2303 1387 2364 mari
1412 2302 1439 2362 is

384 2383 481 2461 lacus)
515 2384 624 2444 eodem
656 2384 764 2446 decem
794 2385 919 2446 navibus
946 2384 982 2446 C.
1018 2385 1124 2448 Furius
1155 2388 1292 2450 duumvir
1323 2388 1439 2450 navalis

384 2469 480 2530 venit.
522 2468 677 2530 Adversus
704 2467 873 2551 lllyriorum
893 2471 1020 2530 classem
1037 2471 1132 2534 creati
1150 2472 1298 2534 duumviri
1315 2473 1437 2536 navales

385 2564 483 2633 eraut,
497 2556 510 2592 ¹
523 2555 573 2635 qui
590 2554 736 2617 tuendam
749 2554 859 2637 viginti
882 2555 1008 2617 navibus
1031 2556 1108 2619 mari
1130 2559 1285 2639 superiore
1296 2569 1309 2596 ⁸
1330 2559 1437 2621 Anco-

383 2661 468 2718 nam,
481 2640 588 2702 velutb
611 2641 767 2703 cardinem
793 2642 958 2705 haberent:
991 2643 1062 2704 inde
1086 2642 1120 2704 Ia
1145 2642 1302 2705 Cornelius
1326 2645 1439 2709 dextra

384 2728 476 2789 litora
499 2748 593 2807 usqua
620 2728 660 2789 ad
683 2724 865 2807 Tarentum,
888 2726 926 2791 C.
949 2727 1056 2790 Furius
1079 2730 1152 2791 lreva
1174 2750 1268 2810 usque
1283 2731 1325 2794 ad
1338 2732 1436 2815 Aqui-

385 2814 476 2875 leiam
498 2825 644 2875 tueretur.
686 2812 738 2876 Fae
764 2834 857 2877 naves
872 2816 912 2877 ad
937 2815 1111 2897 proximum
1135 2824 1256 2897 portum
1284 2818 1315 2879 in
1342 2816 1437 2881 Istriae

385 2900 462 2962 fines
476 2909 547 2962 cum
562 2900 710 2963 onerariis
723 2914 754 2964 et
769 2922 884 2984 magno
905 2915 1080 2964 commeatu
1104 2903 1222 2964 missae:
1254 2916 1437 2985 secutusque

385 2995 456 3047 cum
481 2987 649 3069 legionibus
673 2988 780 3049 consul
805 2990 938 3070 quinque
962 2989 1055 3050 lanne
1080 2988 1177 3051 millia
1200 3004 1219 3050 ἰι
1240 2991 1317 3051 mari
1331 2991 1436 3073 posuit

386 3084 496 3136 castra.
540 3073 575 3135 ln
599 3088 690 3157 portu
714 3076 885 3157 emporium
910 3076 993 3137 brevi
1006 3076 1202 3157 perfrequens
1216 3076 1344 3153 factum,
1367 3098 1434 3138 om-

384 3160 497 3240 niaque
523 3161 595 3225 hinc
622 3162 654 3225 in
689 3174 789 3224 castra
817 3163 1086 3245 subportabantur,
1116 3174 1159 3239 et,
1190 3182 1250 3243 quo
1277 3162 1310 3224 id
1339 3163 1436 3225 tutius

385 3246 482 3325 fieret,
502 3247 651 3309 stationes
673 3248 713 3309 ab
734 3250 876 3311 omnibus
898 3254 1065 3311 castronnn
1088 3248 1225 3331 partibus
1240 3249 1437 3311 circumdate

385 3345 475 3397 sunt:
499 3334 560 3395 ’in
581 3332 763 3416 Istriamque
785 3356 873 3399 suum
894 3332 1069 3419 praesidium
1096 3336 1250 3414 stativum,
1275 3336 1435 3416 repentina

452 3513 464 3538 ⁸
478 3508 517 3571 qni
526 3510 611 3556 tuordae
621 3525 644 3555 u.
654 3524 678 3558 n.
688 3511 756 3556 orans
763 3513 837 3570 superi
846 3524 889 3555 ora
900 3508 960 3572 llup.
974 3538 975 3541 =
1106 3508 1117 3542 ⁶
1133 3511 1202 3559 soluti
1212 3508 1284 3559 Gron.
1297 3511 1366 3562 Creu.

397 3712 403 3719 ¹
420 3656 427 3687 ¹
444 3652 542 3715 Apotro
552 3656 576 3701 in
589 3670 643 3715 pooe
653 3654 759 3715 lebiton]
780 3652 891 3715 Quinque
923 3654 1015 3701 navibus
1025 3656 1090 3703 muris
1100 3655 1180 3717 Superi
1190 3673 1232 3704 oro
1247 3658 1359 3706 Annonam
1373 3660 1434 3707 oalut

384 3723 468 3770 borum
484 3716 595 3767 librorum
613 3718 891 3781 fmmcouquaebnbe-
924 3720 1037 3767 cardinem
1055 3720 1164 3771 boboam.
1195 3722 1233 3769 Slt
1252 3722 1270 3769 l·
1290 3735 1334 3771 xl..
1351 3740 1372 3771 c.
1392 3724 1432 3773 18.

385 3802 445 3842 mus,
454 3784 539 3849 publici
548 3785 608 3847 juris
617 3785 673 3832 lecit
684 3784 764 3843 Simon
776 3786 892 3847 Gryneus
924 3780 988 3831 Inter
1005 3785 1131 3833 durcmuiros
1143 3788 1175 3833 lto
1191 3788 1260 3834 dirim
1276 3789 1358 3836 tuendo
1373 3790 1438 3838 dmin

385 3855 410 3901 iu
429 3850 545 3900 Helvetii·
562 3865 624 3899 anno
643 3850 711 3896 1531.
731 3860 821 3911 reperta
833 3850 892 3912 apud
924 3847 1014 3895 mnibus
1028 3851 1138 3898 maritima
1156 3866 1203 3907 oro,
1222 3862 1248 3899 ut
1264 3855 1435 3913 promontorium

385 3916 547 3963 monasterinm
559 3914 729 3972 burbonum,
744 3914 812 3974 vulgo
823 3912 891 3961 Lori-
924 3912 952 3959 lis
964 3912 1070 3963 Mino-co
1079 3916 1139 3963 uelut
1149 3916 1215 3963 turdo
1225 3916 1250 3962 in
1260 3919 1329 3964 medio
1339 3926 1396 3965 suet.

384 3995 460 4035 unse,
485 3992 499 4025 e
521 3984 614 4040 regione
640 3978 819 4040 Borbetomagi:
848 3994 892 4027 nec
955 3977 967 4011 ³
995 3976 1024 4027 ln
1052 3978 1182 4043 Ioniamque
1207 3981 1283 4043 norom]
1316 3982 1435 4031 Rescnbit

385 4046 530 4106 aliusposrea
540 4047 590 4091 erui
600 4046 675 4110 potuit
694 4046 775 4101 codex,
792 4060 891 4107 quocum
925 4036 1069 4092 Gronovius:
1088 4044 1212 4092 iniuriam
1229 4060 1313 4093 vernon
1330 4050 1433 4095 nationm

384 4110 425 4158 illa
433 4110 602 4157 conferrentur.
634 4111 669 4157 Ex
680 4110 741 4157 unici
751 4111 820 4172 igitur
831 4110 892 4159 illius
921 4110 1055 4169 presidium.
1099 4108 1222 4169 liqentlno
1246 4110 1319 4158 colors
1342 4112 1435 4161 ridetur

384 4174 857 4292 exqmplarlpfflescriptiquntthp'libri.
888 4244 893 4254 ¹
924 4174 1006 4237 exponi
1015 4174 1192 4288 debpppucobors
1202 4191 1232 4252 ex
1243 4191 1272 4223 eo
1281 4175 1381 4288 pilitum
1391 4192 1433 4255 ge.

467 4256 491 4287 ιιι
519 4256 532 4282 ιι
675 4250 711 4287 nn
726 4258 756 4289 no
799 4258 818 4289 ιι
836 4258 892 4289 oran
924 4254 989 4296 nere,
1020 4254 1044 4287 ιιι
1110 4255 1155 4286 orer
1180 4256 1270 4288 mima
1304 4256 1348 4289 ινιο
1358 4258 1433 4289 norm·
1538 4256 1539 4259 ’

382 4307 493 4366 otpertum
509 4302 631 4364 Anconam]
677 4306 891 4355 unclocurnlelicl·
923 4255 1019 4353 nentur?
1050 4304 1087 4353 Sic
1106 4256 1204 4355 infmpc.
1224 4308 1261 4355 10.
1277 4309 1433 4369 repmnnmn

383 4383 421 4418 ter
442 4367 570 4417 emendavit
596 4369 644 4415 sire
673 4369 820 4433 florebellus,
844 4371 891 4419 sive
924 4370 1084 4419 tomnlroorm
1094 4372 1206 4419 moelem.

383 4435 501 4494 Muretus,
510 4434 557 4483 boc
568 4434 651 4481 modo:
667 4436 705 4496 qni
716 4438 801 4487 tuendo
812 4437 891 4503 viginti
