3184 5225
379 356 438 412 264
804 333 997 396 EPITOMAE

387 498 471 568 lonii,
482 494 595 574 passim
614 492 646 550 in
664 489 773 550 castris
791 489 853 546 suis
868 483 1025 554 trucidati,
1039 481 1118 563 'quia
1136 489 1166 540 et
1184 480 1315 560 suspecti
1335 487 1431 550 mant,

383 579 426 635 ed
443 576 584 634 cessarem
600 571 795 628 desciuerunt.
838 564 880 624 D.
905 563 1030 632 Brutus,
1053 570 1088 620 ut
1104 561 1221 638 petenti
1248 559 1433 647 Cisalpinam

394 652 524 712 Gallioni
546 649 675 707 Antonio
687 645 857 714 obsisteret,
874 641 1025 700 Mutinam
1038 657 1103 698 cum
1123 639 1254 698 exercitu
1265 643 1433 714 occupavit.

390 731 541 788 Preterea
553 728 704 786 discursus
726 724 882 802 utriusque
903 718 1004 797 portis
1027 719 1158 780 uirorum
1181 717 1223 776 ad
1244 713 1433 797 accipiendas

386 807 566 888 morineias,
581 805 804 884 adparatusque
818 798 887 860 belli
900 798 1038 860 continet.

826 1187 1004 1266 CXVIII.

430 1371 475 1432 M.
492 1371 607 1431 Brutus
627 1375 658 1428 in
681 1369 808 1440 Gracia,
829 1368 881 1427 sub
897 1374 1045 1446 preteatu
1064 1366 1230 1446 reipublice
1251 1374 1281 1422 et
1305 1365 1448 1440 suscepti·

388 1461 493 1512 contra
516 1451 562 1508 M.
585 1450 743 1510 Antonium
766 1447 846 1518 belli,
868 1448 1036 1516 exercitum,
1061 1445 1109 1504 eui
1136 1445 1269 1502 Vatinius
1291 1449 1431 1518 preerat,

390 1551 455 1589 cum
461 1530 618 1607 prouincia
629 1530 661 1584 in
669 1534 847 1605 potestatem
856 1543 940 1582 snam
953 1525 1077 1600 redepit.
1102 1523 1134 1580 0.
1151 1522 1272 1590 Casani,
1285 1519 1360 1598 ‘qui
1367 1521 1435 1597 pri·

390 1627 454 1666 mus
467 1605 635 1684 reipublice
648 1623 732 1664 arma
744 1610 899 1674 sumserat,
913 1600 924 1631 ³
928 1602 1119 1680 propraetoris
1133 1601 1288 1678 imperium
1297 1617 1318 1654 a
1328 1606 1432 1655 senatu

392 1687 495 1744 Mtum
521 1693 656 1744 eslcum
681 1679 882 1740 consularibus
915 1680 1115 1742 ornamentis,¹
1149 1678 1364 1756 adjutumque,
1398 1683 1434 1732 ut

391 1771 510 1822 seruator
542 1770 627 1822 esset.
666 1759 710 1819 M.
738 1760 884 1817 Antonius
916 1756 958 1816 D.
987 1757 1115 1836 Brutum
1148 1755 1272 1813 Mutine
1302 1753 1430 1811 obsedit.

391 1841 660 1919 missiqueadeurn
673 1844 809 1898 asenatu
823 1836 917 1912 leqati
937 1836 975 1891 de
984 1853 1059 1912 pace
1069 1830 1304 1912 parnmade'am
1317 1849 1431 1908 compo·

391 1917 697 1976 nendnmoaluerunt.
737 1913 871 1992 Populus
892 1911 1041 1971 Romanus
1055 1931 1128 1991 sapa
1141 1911 1251 1970 sumsit.
1290 1907 1334 1966 M.
1349 1907 1430 1964 Bru-

394 2003 442 2054 tus
463 1998 495 2052 in
507 1995 602 2075 Epiro
618 1994 651 2054 C.
664 1994 825 2054 Antonium
834 1999 990 2074 pretorem
1003 2009 1067 2052 cum
1080 1991 1205 2050 exercitu
1215 1987 1357 2069 potestati
1370 2001 1430 2044 suoe

392 2072 524 2151 snb'ecit.

735 2251 1066 2276 Ἦ

811 2419 815 2426 ’
840 2419 982 2501 CXIX.

349 2657 351 2660 ,
438 2596 470 2655 G.
488 2590 645 2654 Trebonius
658 2592 688 2651 in
701 2592 777 2653 Asia
782 2592 899 2671 fraude
914 2596 953 2654 P.
969 2591 1131 2655 Dolabella
1144 2594 1256 2653 occisus
1269 2599 1321 2653 est.
1346 2591 1390 2652 Ob
1404 2593 1438 2653 id

388 2674 513 2751 sasinus
532 2671 691 2731 Dolabella
705 2672 796 2731 bostis
808 2694 828 2731 a
841 2682 945 2732 senatu
955 2673 1114 2752 judicatus
1126 2681 1181 2732 est.
1225 2673 1320 2739 Quum
1334 2672 1439 2731 Pansa

395 2750 497 2829 consul
517 2749 593 2808 male
613 2752 755 2809 adversus
774 2752 934 2810 Antonium
952 2759 1125 2830 pupnasset,
1144 2749 1182 2808 A.
1197 2749 1316 2808 Hirtius
1336 2751 1440 2809 consul

395 2847 461 2887 eum
474 2828 604 2885 exercitu
625 2830 840 2905 mperuenicns,
853 2829 939 2905 fusis
962 2829 1007 2887 Μ.
1023 2830 1146 2887 Antonii
1163 2829 1266 2905 copiis,
1278 2828 1439 2904 fortunam

397 2906 662 2993 utriusquepartis
674 2907 813 2982 conavit.
861 2906 958 2965 Victus
971 2908 1076 2965 deinde
1096 2905 1134 2963 ab
1155 2903 1258 2963 Hirtio
1272 2913 1302 2962 et
1325 2905 1438 2963 Cessare

397 2984 545 3041 Antonius
558 3000 590 3038 sn
607 2980 739 3040 Galliam
751 2980 896 3060 consupit,
914 2993 944 3041 et
957 2984 1003 3041 M.
1017 2984 1160 3061 Lepidum
1180 3002 1244 3041 eum
1266 2982 1436 3059 unionibus,

396 3079 461 3194 pua
471 3058 527 3118 sub
540 3060 603 3148 ipso
623 3067 719 3128 erant,
734 3060 790 3119 sibi
793 3062 901 3138 junxit
913 3080 922 3120 :
954 3062 1101 3151 hostisque
1114 3081 1134 3118 a
1148 3070 1251 3121 senatu
1269 3079 1333 3117 cum
1347 3062 1438 3119 omni·

416 3156 459 3209 us,
479 3136 532 3216 qui
544 3145 625 3194 entra
641 3138 786 3213 presidia
799 3138 862 3214 ejus
875 3146 980 3210 essent,
986 3138 1145 3217 judicatus
1158 3147 1211 3197 est.
1253 3139 1290 3194 A.
1306 3137 1438 3209 Hirtius,

417 3217 450 3272 ui
470 3223 540 3293 post
561 3215 715 3272 uictoriam
738 3217 770 3271 e'n
792 3216 865 3292 ipsis
889 3216 1014 3274 bostium
1038 3217 1144 3275 castris
1167 3216 1324 3286 ceciderat,
1348 3226 1379 3274 et
1406 3218 1439 3275 0.

430 3311 513 3362 ansa,
526 3311 542 3347 e
554 3289 682 3361 uulnere,
696 3294 776 3369 quod
788 3294 819 3349 in
832 3294 955 3351 adverso
971 3292 1077 3370 proelio
1091 3302 1250 3371 exceperat,
1269 3294 1438 3370 defunctus,

394 3371 429 3427 in
449 3388 549 3447 campo
572 3368 687 3426 Martio
711 3368 821 3446 sepulti
841 3379 921 3428 sunt.
971 3370 1121 3429 Adversus
1146 3372 1177 3429 C.
1206 3372 1358 3443 Cesarens,
1387 3376 1440 3453 qui

397 3447 476 3505 solus
489 3466 504 3503 e
518 3445 612 3503 tribus
633 3446 756 3505 ducibus
775 3456 937 3523 supererat,
955 3467 1064 3525 parum
1085 3457 1192 3523 pratus
1214 3456 1333 3507 senatus
1347 3451 1439 3525 suit:

397 3524 460 3601 qui,
481 3524 523 3582 D.
538 3523 643 3592 Bruto,
656 3521 803 3582 obsidione
824 3524 1020 3583 Mutinensia
1038 3526 1151 3584 C'oesare
1172 3524 1306 3597 liberato,
1331 3528 1437 3586 bonore

401 3601 543 3678 triumplei
574 3601 700 3669 decreto,
739 3602 863 3660 Censoris
888 3602 1071 3681 militumque
1096 3604 1159 3679 ejus
1185 3607 1354 3663 mentionem
1380 3624 1438 3663 non

398 3680 474 3737 satis
492 3686 612 3754 protam
636 3677 760 3736 babuit:
786 3679 821 3737 ob
841 3699 904 3759 que
930 3680 962 3739 G.
979 3680 1086 3750 Cesar,
1110 3681 1302 3740 reconciliata
1316 3700 1370 3760 per
1390 3682 1438 3742 M.

394 3754 538 3841 Lepidum
559 3773 624 3815 eum
636 3754 681 3812 M.
695 3757 824 3816 Antonio
845 3759 960 3835 pratia,
975 3758 1097 3817 Ronoam
1116 3778 1179 3818 cuni
1192 3761 1324 3819 exercitu
1345 3762 1438 3835 uenit,

394 3893 444 3942 sin
455 3894 488 3969 pb
502 3895 607 3969 canitiem
625 3892 663 3941 M.
680 3892 779 3953 Antonii,
789 3898 902 3957 poesinin
933 3900 1204 3950 moamisdetendiue
1214 3916 1264 3953 sem
1294 3902 1388 3954 blitum.

393 3959 525 4007 namna
539 3958 718 4022 insuescunt
732 3963 903 4022 nonnam,
964 3964 1134 4027 ³Pnpraon's
1148 3969 1262 4027 sapertun
1289 3968 1351 4017 Hae
1360 3968 1442 4019 mstis·

395 4018 538 4069 meum
546 4022 688 4070 tanmem.
932 4029 990 4076 sima
999 4040 1034 4078 est
1044 4029 1130 4092 sigonii
1141 4033 1280 4095 conjectum
1313 4032 1365 4082 vu.
1376 4035 1443 4094 nitu,

388 4151 392 4157 Ι
429 4082 441 4115 ¹
457 4080 502 4134 Qui
510 4086 724 4161 prinusreipublleae
735 4103 900 4151 ernasunpse-
933 4108 956 4141 c.
970 4094 1104 4151 1⁰.Antes‚
1118 4110 1159 4157 pro
1174 4096 1441 4159 populolieminpe·

394 4140 574 4221 ηεμρςοωω
584 4147 902 4215 Gronorsoqaipriuatuspro
931 4158 998 4205 risen.
1029 4158 1153 4215 Nimirum,
1170 4169 1197 4207 ut
1215 4178 1277 4225 sape
1295 4161 1381 4210 lictum
1397 4174 1444 4221 est,

394 4209 506 4269 republica
526 4227 589 4259 arne
613 4222 737 4275 remp-ms.
780 4215 867 4265 Pesolm
888 4234 900 4265 s
932 4218 1016 4268 littera
1038 4220 1090 4270 PR.
1110 4222 1234 4272 scribimus
1256 4226 1382 4287 ignorantis
1403 4228 1445 4275 vel

389 4269 511 4347 Caesone,
534 4274 635 4335 veneo,
652 4276 741 4335 Tacito,
766 4290 791 4327 et
816 4282 897 4330 ceteris
933 4284 1019 4335 incurii
1029 4286 1433 4354 etiamsinhnroeesmletu

389 4337 546 4411 munoribus,
566 4337 699 4389 bossedulo
708 4354 808 4401 umatus,
822 4344 895 4394 Oete-
927 4363 998 4403 neno.
1213 4370 1219 4383 ¹

389 4414 454 4455 voum
461 4403 547 4465 priuato
556 4404 650 4457 wilc
659 4420 722 4458 etms
736 4408 832 4475 sepiem
845 4412 895 4482 pri:
