3184 5225
388 385 445 441 rat
772 447 776 456 ⁸
817 374 901 433 arn
920 372 1021 435 mvn

221 540 365 593 tt.c.583.
388 532 519 617 Popillio
552 532 658 595 relicto
691 531 723 593 in
745 531 884 593 custodia
911 530 990 613 jugi,
1021 550 1075 612 per
1104 528 1188 591 invia
1217 542 1435 615 transgressus,
1469 580 1485 604 s

220 604 358 659 ΗΜ·
388 620 561 703 praemissis,
595 617 652 701 qui¹
679 630 876 701 repurgarent
910 616 977 696 iter,
998 614 1137 678 Attalum
1159 628 1193 680 et
1226 616 1431 701 Misagenem,

388 728 457 769 cum
473 726 533 767 sua
546 704 646 786 gentis
668 714 829 784 utrumque
851 703 1057 782 auxiliaribus,
1079 704 1217 786 praesidio
1232 725 1296 767 esse
1318 706 1430 769 saltum

388 791 593 874 aperientibus
603 788 701 871 jubet.
724 791 799 872 ipse,
822 790 938 872 equites
960 788 1226 873 inpedimentaque
1240 812 1302 874 prae
1324 813 1358 855 se
1374 793 1430 853 ha-

387 879 472 956 bena,
488 897 558 938 cum
573 876 743 957 legionibus
758 897 868 957 agmen
883 876 976 959 cogit.

220 978 350 1030 nram„
430 960 471 1025 V.
493 961 705 1024 lnenarrabilis
720 962 806 1024 labor
821 962 1073 1027 descendentibus
1088 983 1157 1025 cum
1173 962 1259 1026 mina
1270 962 1429 1047 jumento·

219 1045 336 1097 imm·
387 1070 454 1111 mm
468 1049 720 1129 sarcinarumque.
766 1046 934 1131 Progressis
956 1050 1080 1114 vixdum
1095 1060 1223 1132 quatuor
1240 1050 1335 1112 millia
1356 1072 1427 1133 pas·

364 1146 474 1198 'suurn
500 1135 576 1196 nihil
599 1134 763 1217 optabilius
786 1156 864 1213 esse,
886 1156 978 1216 quam
1005 1136 1114 1213 redire,
1140 1156 1200 1217 qua
1223 1148 1377 1214 venerant,
1398 1136 1426 1197 si

386 1233 521 1305 possent.
565 1218 719 1283 Hostilem
742 1242 837 1304 prope
859 1221 1022 1284 tumultum
1038 1222 1152 1303 agmini
1174 1222 1324 1304 elephanti
1348 1243 1426 1303 ptae·

387 1308 519 1369 bebant:
543 1307 605 1388 qui,
622 1307 672 1368 ubi
688 1307 728 1370 ad
742 1308 824 1369 invia
844 1320 999 1387 venerant,
1016 1306 1142 1390 dejectis
1157 1308 1330 1385 rectoribus,
1352 1328 1426 1370 cum

327 1428 331 1435 ·
386 1393 539 1455 horrendo
563 1393 694 1456 stridore
714 1414 855 1477 pavorem
879 1394 1045 1476 ingentem,
1068 1394 1152 1476 equis
1174 1393 1317 1470 maxime,
1339 1394 1428 1455 incu-

386 1480 514 1557 tiebant,
530 1480 625 1542 donec
648 1479 826 1542 traducendi
841 1502 893 1542 eos
913 1481 991 1542 ratio
1007 1480 1083 1563 irrita
1104 1492 1162 1543 est.
1205 1479 1262 1542 Per
1284 1478 1427 1561 proclive,

386 1566 411 1605 ²¹
426 1580 526 1629 sumto
541 1552 675 1647 laitigio,
701 1566 784 1648 longi
802 1567 862 1628 duo
883 1566 975 1627 validi
992 1587 1105 1628 asseres
1121 1588 1160 1628 ex
1175 1565 1315 1627 inferiore
1337 1577 1426 1647 parte

386 1652 418 1714 in
432 1665 514 1715 terra
538 1652 757 1734 deligebantur,
782 1651 930 1715 distantes
953 1653 1032 1715 inter
1054 1673 1087 1714 se
1109 1652 1211 1735 paullo
1233 1652 1311 1734 plus,
1333 1672 1426 1733 quam

386 1751 502 1821 quanta
527 1738 631 1800 belluae
657 1738 786 1802 latitudo
814 1751 870 1817 est,
894 1739 926 1799 in
951 1760 1003 1801 eos
1030 1738 1189 1801 transversi
1215 1738 1425 1799 incumbentes

385 1826 473 1907 tigni,
489 1825 529 1887 ad
544 1824 673 1885 tricenos
689 1824 772 1907 longi
794 1824 898 1907 pedes,
912 1834 947 1886 ut
961 1844 1038 1907 pons
1053 1838 1144 1904 esset,
1166 1822 1427 1907 injungebantur:

384 1908 552 1993 humusque
579 1911 699 1993 insuper
725 1908 926 1994 injiciebatur,
952 1912 1075 1973 modico
1099 1912 1208 1973 deinde
1229 1912 1307 1972 infra
1329 1910 1426 1972 inter·

384 1998 463 2058 vallo
473 1997 579 2057 similis
590 1997 668 2058 ¹alter
680 2017 773 2079 pons:
800 1996 889 2059 deinb
900 1997 1018 2074 tertius,
1029 2009 1061 2059 et
1071 1997 1172 2079 plures
1185 2018 1224 2059 ex
1235 1996 1352 2074 ordine,
1364 2016 1427 2076 qua

384 2104 473 2166 rupes
488 2083 645 2144 ”abscisa
660 2093 756 2161 eraut,
770 2082 895 2145 fiebant.
929 2080 1036 2145 Solido
1051 2082 1238 2166 procedebat
1252 2082 1375 2165 elephas
1390 2082 1422 2143 iu

383 2182 530 2252 pontem:
554 2168 639 2251 cujus
661 2170 836 2251 priusquam
858 2169 889 2229 iu
910 2180 1079 2231 extremum
1100 2168 1291 2251 procederet,
1312 2170 1338 2208 ²³
1350 2168 1421 2229 sub-

384 2257 452 2317 cisis
468 2255 616 2317 asseribus
640 2254 800 2337 conlapsus
816 2276 903 2338 pons,
918 2274 1014 2336 nsque
1036 2254 1158 2317 alterius
1174 2255 1293 2317 initium
1309 2254 1426 2336 pontis,

382 2342 499 2425 prolabi
515 2362 584 2403 eunt
599 2340 707 2402 leniter
722 2343 861 2423 cogebat.
884 2340 935 2403 alii
957 2340 1109 2425 elephanti
1132 2340 1260 2423 pedibus
1280 2341 1423 2403 insisten-

383 2439 440 2503 tes,
467 2428 518 2488 alii
544 2426 681 2486 clunibus
708 2426 908 2505 subsidentes,
935 2426 1178 2509 prolabebantur.
1205 2428 1257 2488 ubi
1279 2426 1424 2509 planicies

382 2513 481 2573 altera
509 2512 613 2593 pontis
637 2512 807 2595 excepisset
831 2534 893 2590 eos,
920 2534 1018 2575 rursus
1045 2513 1136 2574 simili
1161 2514 1247 2575 ruina
1272 2512 1424 2575 inferioris

382 2598 486 2682 pontis
509 2596 730 2676 deferebantur,
752 2598 849 2662 donec
873 2599 913 2663 ad
932 2599 1093 2684 aequiorem
1115 2598 1224 2662 vallem
1247 2609 1424 2684 perventum

384 2696 440 2746 est.
484 2686 510 2722 ²⁴
523 2681 627 2744 Paullo
643 2684 709 2766 plus
730 2698 848 2766 septem
864 2685 960 2748 millia
976 2687 1025 2748 die
1044 2685 1176 2749 Romani
1193 2695 1400 2770 processemnt
1409 2707 1424 2764 3

382 2769 543 2831 minimum
573 2769 700 2851 pedibus
717 2771 847 2834 'itineris
877 2771 1061 2836 confectum.
1092 2773 1268 2855 plerumque
1297 2772 1419 2855 provol-

381 2868 487 2918 ventes
517 2876 549 2917 se
579 2855 668 2916 simul
695 2877 765 2918 curn
795 2857 886 2920 armis
912 2858 1037 2940 aliisque
1064 2859 1213 2936 oneribus,
1240 2879 1308 2919 curn
1335 2856 1421 2919 omni

381 2963 493 3024 genere
513 2943 692 3020 vexationis,
714 2956 949 3025 processerunt:
987 2945 1065 3007 adeo
1089 2956 1124 3007 ut
1151 2966 1188 3006 ne
1211 2944 1272 3006 dux
1294 2941 1420 3022 quidem

382 3040 415 3091 et
441 3040 549 3090 auctor
574 3028 690 3089 itineris
717 3029 911 3108 inficiaretur,
937 3051 1029 3113 parva
1058 3051 1151 3094 manu
1179 3029 1271 3092 deleri
1293 3047 1420 3090 ornnem

382 3113 549 3175 exer'citum
565 3114 709 3196 potuisse.
752 3113 854 3178 Nocte
868 3116 906 3177 ad
929 3117 1083 3178 modicam
1099 3114 1258 3201 planiciem
1275 3133 1422 3196 pervene-
1520 3171 1530 3192 ‚

381 3212 475 3263 runt:
498 3221 607 3282 neque,
623 3221 662 3261 au
678 3199 802 3262 infestus
821 3201 846 3264 is
861 3201 945 3263 locus
968 3215 1058 3283 esset,
1080 3214 1183 3285 septus
1202 3201 1346 3282 undique,
1361 3199 1426 3262 cir-

737 3341 750 3376 *
764 3344 815 3392 dein
825 3343 842 3391 l.
853 3343 904 3392 inde
915 3341 988 3392 Gron.
999 3343 1068 3395 Crev.

415 3455 437 3490 ⁹¹
454 3455 544 3517 Sumpta
546 3455 653 3520 fastigio]
664 3457 736 3519 Longi
747 3457 793 3505 duo
801 3473 887 3507 asseres
918 3470 1020 3520 surgeret
1031 3459 1055 3508 iu
1069 3469 1166 3507 rectum.

384 3520 446 3567 inter
456 3535 480 3566 se
496 3521 582 3568 adversi
594 3523 680 3569 modica
691 3522 837 3572 melmstrone
846 3524 886 3572 de·
950 3524 974 3558 ἥ
989 3522 1089 3588 abcisa]
1100 3524 1135 3571 Ex
1145 3523 1215 3573 atset
1226 3523 1317 3572 seton
1327 3519 1423 3569 verbum

382 3584 446 3632 missi
458 3586 583 3633 secundum
601 3588 742 3650 superiorem
752 3600 848 3652 partem,
862 3589 887 3636 iu
918 3590 1010 3646 abscido,
1024 3587 1114 3646 clami,
1128 3587 1240 3635 obstinen-
1271 3585 1391 3642 Martialis,
1405 3586 1425 3634 1.

383 3663 445 3697 terrs
463 3666 491 3696 es
512 3650 619 3700 inferiore
641 3665 703 3714 parte
722 3651 886 3713 defigebautur.
920 3666 960 3702 ιιι.
971 3653 1041 3716 epigr.
1053 3651 1091 3700 66.
1108 3651 1205 3700 Abscidit
1213 3652 1288 3700 mutu
1298 3653 1351 3699 tntu
1362 3661 1423 3698 uter·

384 3711 432 3761 Hie
440 3713 562 3779 sostigituu
575 3715 710 3776 intelligitur
726 3717 804 3774 clitus,
819 3733 887 3782 prop·
969 3733 1046 3766 steros.
1079 3715 1184 3764 Abscindo
1198 3717 1311 3764 diversum
1328 3727 1423 3763 estver-

381 3788 446 3827 teres
463 3781 522 3842 quod
534 3780 554 3826 si
565 3781 617 3844 quid
634 3780 658 3827 io
675 3781 760 3829 elisum
774 3782 887 3829 devexum
937 3782 1047 3839 um,llcet
1058 3781 1162 3845 ejusdem
1172 3781 1223 3830 fere
1232 3795 1320 3830 senna
1345 3779 1426 3841 Atque

381 3856 427 3907 est,
449 3845 510 3892 idem
538 3857 563 3892 et
584 3845 608 3892 iu
633 3846 750 3906 fastigium
776 3846 889 3894 contrario
919 3845 989 3910 hujus
1000 3847 1092 3909 quidem
1111 3847 1253 3924 participium
1263 3845 1424 3894 usmarus·

381 3923 451 3956 sensu
460 3910 567 3970 assurgit:
585 3910 664 3957 eadem
675 3911 724 3958 t'ere
739 3911 888 3974 maioraque
920 3913 1027 3974 quentius
1037 3925 1098 3960 nunc
1110 3923 1207 3960 occurrit
1217 3910 1240 3958 in
1252 3909 1325 3958 editis.
1341 3907 1424 3958 Atob·

381 3975 452 4020 slram
473 3987 498 4022 et
519 3974 653 4039 profundum
673 3974 800 4038 pmmiseue
819 3991 886 4023 usur·
918 3988 992 4024 servst
1003 3975 1190 4024 Grouodussere
1201 3975 1285 4038 ubique
1296 3975 1320 4021 iu
1332 3972 1424 4034 optimis

331 4048 335 4057 ·
382 4049 474 4099 pantur.
506 4039 587 4102 ltaque
599 4040 632 4088 illi
645 4055 729 4089 asseres
745 4041 887 4102 intelligendi
919 4052 943 4090 et
953 4042 1114 4105 antiquissimis
1124 4039 1241 4090 codicibus
1251 4038 1294 4100 legi
1305 4037 1406 4086 metm

384 4101 627 4215 'uiibmqieim‘gm
638 4105 712 4153 sonos
727 4105 806 4162 fuisse,
815 4105 886 4220 itauur
919 4105 1000 4220 ΜΨ
1012 4105 1103 4156 Sttcrisr's
1119 4103 1233 4170 curribus]
1248 4105 1300 4152 Sire
1320 4113 1426 4152 suerum

383 4181 399 4213 e
428 4181 488 4213 nus
519 4183 710 4218 serrusunum
762 4186 887 4220 rroeve
954 4185 1007 4222 crrs.

382 4231 540 4294 porrigeretur
557 4245 581 4279 et
597 4187 888 4285 reclinaretuieseduudum
953 4237 973 4270 Ἄ
1004 4233 1077 4284 Paulo
1101 4236 1152 4297 plus
1177 4243 1253 4297 septem
1277 4231 1347 4278 millis
1371 4228 1423 4291 die]

383 4308 503 4354 montem
536 4295 642 4357 alterum,
668 4316 749 4364 nempe
777 4302 890 4366 superius,
921 4299 966 4349 Per
976 4301 1047 4359 diem,
1057 4311 1082 4349 et
1098 4301 1220 4364 opponitur
1235 4297 1270 4359 rel
1280 4305 1348 4351 sone.
1363 4298 1426 4356 quod

323 4391 327 4401 ·
383 4360 472 4408 modice
486 4360 617 4409 inclinatum
631 4377 689 4412 esset
700 4377 724 4412 et
741 4365 788 4414 leui
797 4365 889 4428 fastigio
921 4364 1174 4429 sequiturpsulopost.
1208 4365 1290 4425 ltaque
1300 4359 1358 4408 nibil
1367 4374 1425 4424 opus

383 4425 497 4476 devexum
508 4443 517 4485 3
540 4427 634 4475 tertium
647 4431 746 4491 denique
757 4447 770 4478 e
781 4443 850 4488 terra,
866 4433 889 4480 la
921 4443 957 4478 est
967 4430 1004 4478 bic
1014 4431 1113 4478 inserere
1124 4446 1148 4477 eo
1158 4437 1213 4480 ente
1225 4423 1428 4488 tacendaque

386 4506 429 4553 qus
441 4507 469 4541 ex
486 4491 592 4541 interiore
609 4497 673 4557 parre
691 4495 838 4556 defigentur,
851 4511 888 4546 ss·
919 4493 1022 4546 voluerat
1032 4493 1171 4545 Gronovius.
