3184 5225
358 315 399 378 72
758 304 842 362 ΤΙΤΙ
862 301 963 368 LIVlI
1051 357 1053 367 ,

199 474 341 527 matur.
362 463 527 547 principes,
542 461 573 522 id
588 458 669 541 quod
694 457 826 518 maxime
847 467 968 538 gratum
990 465 1055 518 erat
1079 453 1240 534 Romanis,
1262 477 1316 518 suo
1331 459 1403 540 qui-

197 531 270 603 de·
283 540 337 592 ¹⁷¹·
365 571 423 632 que
438 548 560 632 proprio
576 546 699 606 decreto
722 542 824 606 Persei
840 543 1017 604 societatem
1044 542 1230 624 adspernari,
1256 541 1403 606 Romanis

364 657 397 698 se
411 633 639 715 adjungebant:
667 629 813 692 Ismenias
839 639 964 711 gentem
987 627 1166 690 Boeotorum
1183 629 1215 712 ip
1231 627 1323 690 fidem
1337 629 1405 692 Ro·

364 740 522 784 manorum
549 717 685 800 permitti
713 736 831 796 aequum
860 716 1014 776 censebat.
1035 714 1107 776 inde
1131 715 1298 777 certamine
1324 727 1404 795 orto,

365 807 424 868 nisi
437 803 610 866 lntribnnal
629 803 799 884 legatorum
822 801 1012 883 perfugisset,
1035 800 1116 862 haud
1142 801 1270 863 multum
1295 801 1405 880 abfuit,

366 891 439 972 quin
454 892 492 951 ab
504 890 656 952 exsulibus
671 888 897 968 fautoribusque
921 908 1023 948 eorum
1047 887 1275 950 interficeretur.
1318 885 1404 950 The·

364 979 411 1040 bae
426 997 545 1058 quoque
560 977 643 1057 ipsae,
659 975 741 1056 quod
755 972 881 1036 Boeotiae
896 985 988 1054 caput
1002 985 1059 1052 est,
1085 973 1116 1034 in
1140 995 1254 1054 magno
1273 973 1405 1035 nrmultu

366 1074 463 1140 erant,
478 1062 544 1124 aliis
559 1062 599 1123 ad
614 1081 715 1142 regem
729 1060 917 1122 trahentibus
942 1060 1106 1136 civitatem,
1133 1058 1206 1131 aliis,
1222 1059 1260 1120 ad
1284 1059 1402 1120 Roma-

362 1169 433 1214 nos.
454 1159 486 1210 et
516 1148 605 1208 turba
633 1146 870 1209 Coronaeorum¹
906 1144 1183 1228 Haliartiorumque
1218 1155 1403 1206 convenerat

359 1235 408 1298 ad
429 1232 652 1294 defendendum
677 1233 833 1294 decretum
843 1232 943 1313 segiae
968 1231 1130 1294 societatis.
1152 1229 1207 1292 sed
1229 1230 1403 1292 constantia

363 1319 549 1402 principum,
565 1317 738 1381 docentium
752 1318 889 1380 cladibus
910 1317 1040 1401 Philippi
1063 1316 1279 1396 Antiochique,
1304 1313 1404 1396 quan*-

353 1416 402 1466 ta
424 1417 504 1467 esset
526 1405 570 1467 vis
593 1417 625 1467 et
646 1405 768 1466 fortuna
792 1405 910 1487 imperii
926 1403 1068 1481 Romani,
1083 1404 1163 1464 victa
1177 1403 1284 1464 eadem
1299 1401 1405 1464 multi-

282 1551 296 1560 ,
367 1490 443 1552 tudo
464 1502 506 1568 et,
531 1491 745 1554 attolleretur
771 1491 855 1571 regia
880 1490 1020 1567 societas,
1051 1489 1193 1565 decrevit,
1216 1499 1248 1548 et
1273 1507 1338 1563 eos,
1351 1487 1405 1570 qui

364 1588 505 1638 auctores
537 1576 723 1658 paciscendae
755 1577 894 1638 amicitiae
924 1576 1059 1652 inerant,
1085 1575 1124 1636 ad
1156 1572 1404 1634 satisfaciendum

368 1661 478 1743 legatis
500 1660 678 1731 Chalcidem
711 1663 804 1737 misit,
840 1661 968 1741 fideique
999 1661 1164 1740 legatorum
1195 1658 1403 1720 commendari

368 1747 521 1809 civitatem
532 1745 633 1827 jussit.
676 1746 840 1810 Thebanos
864 1745 999 1806 Marcius
1024 1756 1056 1805 et
1077 1744 1189 1806 Atilius
1213 1744 1271 1807 laeti
1298 1743 1404 1806 audie-

362 1847 450 1910 runt,
465 1838 698 1914 “auctoresque
722 1846 753 1895 et
774 1833 821 1894 his
848 1832 1011 1913 separatim
1026 1831 1151 1911 singulis
1167 1829 1288 1892 suerunt
1302 1831 1341 1892 ad
1356 1851 1404 1892 re·

366 1919 539 1981 novandam
565 1919 731 1982 amicitiam
754 1917 895 1979 mittendi
917 1917 1047 1978 Romam
1069 1917 1196 1998 legatos.
1240 1916 1321 1978 Ante
1337 1937 1404 1980 om·

366 2004 421 2066 nia
434 2005 551 2066 exsules
571 2005 688 2067 restitui
705 2003 871 2085 jusserunt,
897 2015 929 2064 et
951 2006 977 2042 ⁴⁵
991 2014 1129 2064 auctores
1145 2003 1234 2083 regiae
1251 2001 1407 2064 societatis

369 2088 491 2151 decreto
506 2111 561 2151 suo
584 2090 774 2152 damnarunt.
818 2086 875 2164 lta,
900 2089 980 2169 quod
1007 2089 1140 2150 maxime
1164 2089 1315 2165 volebant,
1342 2087 1406 2156 dis,-

271 2178 279 2192 '
369 2194 457 2237 cusso
476 2174 616 2238 Boeotico
641 2175 781 2252 coneilio,
807 2173 1046 2254 Peloponnesum
1072 2173 1312 2256 proficiscuntur,
1336 2169 1405 2235 Ser.

369 2258 511 2322 Cornelio
538 2258 715 2322 Chalcidem
740 2261 896 2322 arcessito.
932 2261 1020 2340 Argis
1042 2260 1201 2342 prebitnm
1217 2259 1313 2320 estiis
1329 2279 1404 2320 con-

318 2344 325 2358 '
369 2347 494 2408 cilium:
519 2347 568 2407 ubi
592 2346 667 2408 nibil
692 2346 774 2407 aliud
789 2368 808 2406 a
830 2355 920 2427 gente
934 2345 1113 2408 Achaeorum
1128 2347 1290 2427 petierunt,
1314 2364 1405 2425 quam

286 2485 293 2492 .
369 2443 405 2494 ut
418 2431 501 2492 mille
522 2432 633 2492 milites
657 2431 774 2493 darent
796 2433 828 2492 id
850 2432 1020 2513 praesidium
1048 2432 1086 2492 ad
1113 2429 1292 2493 Chalcidem
1319 2442 1407 2492 tuen-

371 2516 453 2592 dam,
469 2517 540 2577 dum
556 2515 710 2577 Romanus
725 2516 874 2578 exercitus
895 2517 926 2578 in
941 2515 1087 2580 Graeciam
1109 2516 1307 2598 trajiceretur,
1334 2517 1407 2578 mis-

370 2623 438 2663 sum
454 2613 508 2664 est
552 2598 687 2663 Marcius
701 2613 733 2664 et
746 2602 868 2680 Atilius,
895 2603 1034 2684 peractis,
1050 2625 1112 2687 quae
1127 2603 1247 2684 agenda
1269 2601 1309 2681 ina
1319 2598 1404 2664 Gra-

371 2688 420 2749 cia
434 2699 530 2765 erant,
546 2688 694 2769 principio
712 2688 818 2751 hiemis
831 2688 962 2750 Romam
977 2691 1136 2751 redierunt.

207 2789 292 2853 Ιιςιιι
413 2770 511 2835 XLV.
539 2772 614 2835 Inde
640 2774 753 2855 legatio
776 2775 832 2836 sub
858 2775 939 2837 idem
966 2787 1083 2858 ternpus
1108 2775 1139 2835 in
1163 2774 1267 2837 Asiam
1291 2773 1407 2835 circum

208 2855 277 2933 ¹3⁰¹?-
288 2854 311 2901 ³¹¹
323 2855 484 2922 Asinum
498 2858 599 2920 nrissa.
615 2870 675 2921 tres
690 2871 777 2922 erarrt
800 2860 903 2941 legati,
928 2860 978 2931 Ti.
999 2858 1152 2938 Claudius,
1173 2859 1205 2922 P.
1222 2860 1406 2937 Postumius,

205 2919 350 2970 '‘um''
372 2944 419 3009 M.
440 2943 560 3007 lunius.
584 2946 605 3006 ii
624 2946 843 3007 circumeuntes
868 2946 1066 3009 hortabantur
1091 2948 1188 3009 socios
1214 2946 1253 3007 ad
1277 2945 1407 3029 suscipi-

371 3032 485 3095 endum
500 3030 639 3093 adversos
654 3029 762 3093 Persea
775 3052 832 3113 pro
854 3030 1000 3093 Ronranis
1026 3033 1159 3094 bellum:
1183 3044 1224 3109 et,
1250 3052 1310 3112 quo
1324 3052 1407 3115 quae-

372 3139 430 3201 que
444 3117 616 3199 opulentior
629 3117 735 3178 civitas
749 3129 825 3195 erat,
841 3138 878 3178 eo
893 3118 1066 3180 adcuratius
1089 3116 1230 3199 agebant,
1256 3118 1327 3199 quia
1347 3118 1408 3179 mi·

366 3225 462 3266 nores
476 3214 619 3265 secuturae
634 3200 782 3283 majorum
803 3204 1016 3266 auctoritatem
1042 3216 1137 3266 erant.
1181 3204 1295 3267 Rhodii
1310 3204 1409 3265 mexi-

365 3290 415 3370 ⁴mi
430 3288 587 3349 adomnia
601 3290 747 3351 momenti
774 3288 973 3366 habebantur,
999 3290 1147 3369 quianon
1163 3290 1262 3352 favere
1278 3302 1410 3371 tantum,

364 3376 426 3444 ,sed
449 3373 599 3455 adjuvare·
618 3375 710 3436 etiam
741 3375 851 3436 viribus
878 3376 938 3436 suis
967 3376 1077 3436 bellurn
1099 3388 1252 3457 poterant,
1279 3376 1409 3459 quadra-

373 3461 459 3540 ginta
475 3460 597 3520 navibus
617 3471 740 3522 erectore
762 3463 788 3499 ⁴⁶
799 3458 1006 3541 Hegesilocho
1025 3462 1218 3542 comparatis.
1235 3462 1295 3543 qui,
1315 3482 1407 3541 quum
1470 3484 1477 3491 ·

366 3546 406 3620 jn
429 3564 547 3605 summo
574 3547 751 3627 magistratu
775 3557 863 3624 esset,
893 3545 1047 3629 (Prytanin
1074 3547 1131 3627 ipsi
1154 3547 1278 3627 vocant)
1305 3546 1408 3609 multis

373 3630 540 3693 rationibus
554 3632 720 3713 pervicerat
736 3632 884 3709 Rhodios,
900 3644 943 3709 ut,
963 3632 1084 3709 omissa,
1100 3652 1190 3713 quam
1207 3654 1285 3716 saepe
1300 3652 1409 3695 vanam

731 3780 742 3805 ¹
754 3771 896 3821 maenum
908 3776 975 3823 Crev.
987 3772 1048 3838 Rup.

402 3889 577 3951 “Alastoraque
596 3896 617 3935 et
638 3888 672 3934 lu'r
692 3889 806 3947 seperatim
826 3888 871 3934 n'n·
904 3898 1061 3951 postmortem
1079 3888 1122 3935 cibi
1139 3886 1308 3939 consciverunt.
1334 3888 1412 3941 Testis

368 3950 440 4058 pulit]
460 3954 531 4001 Reme
547 3951 682 4007 Gronovim,
696 3960 835 4014 numeroque
851 3960 873 3999 et
903 3966 940 4000 ert
952 3954 1058 4017 Polybius
1069 3954 1158 4001 ibidem.

387 4015 413 4070 ie,
427 4029 508 4078 nempe
525 4018 651 4073 Thebanis,
666 4019 815 4075 amatim
828 4018 874 4063 sin·
937 4016 1122 4081 ⁴⁶Hegeriloclro]
1150 4016 1197 4066 llic
1218 4019 1273 4066 olim
1293 4019 1412 4079 legebatur

368 4078 429 4137 gaus
439 4078 534 4127 Boeotiae
553 4082 687 4129 civitatibus.
721 4080 748 4126 ld
760 4092 783 4126 et
794 4094 873 4143 poster-
906 4080 1014 4145 Hegesilo.
1030 4084 1097 4145 Apud
1116 4082 1196 4145 Polyb.
1215 4098 1269 4130 vero
1282 4083 1358 4144 Legat.
1371 4084 1411 4135 64.

371 4138 502 4203 latseneos,
519 4146 627 4195 etfirmet
645 4144 733 4208 Polybii
749 4146 876 4201 auctoritas,
905 4145 1025 4193 vocabatur
1039 4147 1077 4195 bie
1094 4148 1154 4194 idern
1174 4146 1311 4195 Rhodiorum
1330 4147 1413 4208 magis·

371 4202 450 4262 Legat.
464 4207 502 4255 73.
904 4210 1129 4271 tratusl'nclhoxos.
1148 4212 1238 4259 Fulvim
1247 4212 1410 4259 Ursinusalte-

401 4268 424 4301 ⁴⁵
434 4269 538 4317 ductores
547 4272 612 4332 regie
622 4277 725 4323 minentis
735 4274 817 4322 &mlo
835 4290 873 4323 neo
906 4289 955 4321 rum
968 4289 996 4320 ex
1011 4274 1085 4321 altero
1095 4278 1204 4336 correxit,
1215 4288 1240 4325 ut
1258 4278 1297 4324 hie
1310 4276 1412 4325 bebere·

369 4332 514 4408 dannqmnt]
536 4334 707 4386 lamminarum
722 4338 806 4386 Niceta
818 4354 872 4401 quo·
905 4352 943 4386 tur
954 4336 1103 4401 liegesiloelro,
1115 4342 1173 4404 apud
1182 4340 1301 4405 Polybium
1309 4338 1413 4402 Ἧγησί·

368 4397 420 4443 dem
437 4412 461 4445 ιιι
476 4412 589 4447 carcerem
606 4404 712 4464 conjecti,
732 4418 778 4451 non
800 4403 873 4451 multo
904 4410 988 4463 λιχοι.
