3184 5225
506 369 583 429 LIB.
595 366 707 430 xtnl.
726 366 810 431 CAP.
823 371 877 430 IX.
1157 378 1218 436 108

204 517 282 583 VIII
284 566 292 583 .
307 520 469 584 Arcessere
485 522 517 585 in
532 534 671 587 senatum
692 520 869 587 Lucretium
890 523 1016 609 placuit,
1038 522 1210 609 utdiscep
1224 534 1296 589 tto
1306 538 1364 589 sm.

159 618 243 671 taret
256 626 373 686 coram,
389 622 593 691 purgaretque
608 628 682 673 sese.
719 608 862 673 Cetemm
875 612 972 673 multo
982 611 1071 695 plura
1078 629 1209 695 presens
1223 602 1255 651 ἕ·
1265 600 1296 653 ⁰·
1310 602 1364 653 ¹⁷⁰·

162 694 292 772 audiuit,
306 714 398 777 quam
413 695 444 755 in
455 696 613 758 absentem
622 695 804 776 jactaerant
812 720 824 775 ς
840 707 872 759 et
886 696 1039 778 gratiores
1054 700 1209 779 potentio-

161 800 270 861 resque
286 800 438 842 accessere
454 792 646 843 accusatores
656 782 716 847 duo
726 782 839 843 tribuni
848 782 956 864 plebis,
966 778 1210 847 numeremus

160 860 287 927 ‘lbalna
300 876 335 928 et
346 864 404 929 Cn.
418 866 569 931 Aufidius.
614 864 639 928 li
655 886 716 929 non
733 868 763 929 in
780 878 889 929 senatu
903 868 997 930 modo
1012 888 1082 931 eum
1093 870 1210 933 lacera·

163 962 245 1029 runt,
260 952 313 1013 sed
335 953 366 1015 in
386 953 567 1015 concionem
582 953 674 1014 etiam
688 963 853 1036 pertracto,
876 954 981 1015 multis
995 952 1125 1036 objectis
1139 976 1212 1039 pro·

163 1036 238 1115 bris,
276 1037 355 1099 diem
385 1039 536 1101 dixenmt.
593 1034 723 1101 Senatus
756 1038 844 1121 jussu
881 1038 1134 1103 Chalcidensibus
1170 1040 1321 1114 ΟΜΝ

162 1118 294 1185 Meuius
310 1136 420 1204 pretor
435 1124 612 1207 respondite
636 1125 646 1158 ‘
661 1122 735 1195 Quae
750 1126 828 1186 bene
842 1126 968 1189 meritos
984 1146 1060 1204 sese,
1081 1138 1113 1189 et
1128 1140 1211 1211 anto
1222 1137 1363 1191 Mem·

162 1206 221 1271 ‘et
235 1208 268 1268 in
283 1229 320 1269 eo
336 1209 426 1287 bello,
451 1211 534 1292 quod
550 1221 684 1292 geratur,
700 1210 738 1272 de
754 1211 868 1294 populo
884 1210 1027 1274 Romano
1043 1211 1158 1290 dicant,
1173 1230 1212 1276 ea

162 1290 222 1353 ‘et
235 1294 314 1354 scire
328 1312 401 1355 uera
414 1316 466 1358 eos
490 1296 600 1359 referre
625 1308 778 1375 senatum,
803 1309 846 1375 et,
865 1298 992 1379 perinde
1012 1316 1051 1358 ac
1066 1298 1210 1377 debeant,

163 1376 177 1410 ‘
190 1392 280 1459 grata
294 1398 371 1441 esse.
407 1379 482 1450 Quas
507 1382 590 1443 facta
613 1403 632 1443 a
656 1380 694 1443 C.
711 1380 865 1460 Lucretio,
879 1382 1004 1465 fierique
1019 1384 1057 1444 ab
1073 1378 1109 1445 L.
1125 1380 1217 1445 Hor·⁴

161 1464 290 1527 ‘tensio
319 1466 495 1548 pretoribus
525 1466 672 1527 Romanis
703 1479 885 1547 querantur3
923 1489 961 1529 ea
984 1486 1085 1548 neque
1114 1468 1211 1547 lacta,

161 1548 178 1582 ‘
192 1570 289 1633 neque
304 1550 368 1612 fieri
383 1549 539 1611 voluntate
554 1563 689 1626 senatus,
712 1569 802 1633 quem
825 1571 887 1613 non
902 1571 992 1634 posse
1006 1553 1208 1618 existimare?

162 1635 242 1719 ‘qui
257 1636 345 1713 sciet,
361 1634 474 1697 bellum
490 1634 583 1714 Persi,
597 1647 630 1697 et
646 1647 717 1696 ante
730 1632 871 1717 Philippo
887 1637 968 1717 patri
982 1632 1058 1716 ejus,
1073 1638 1213 1701 intulisse

160 1722 335 1805 'populum
360 1720 534 1783 Romanum
559 1742 614 1803 pro
638 1720 779 1783 libertate
803 1720 945 1783 Graeciae:
969 1723 1069 1785 ³⁸non
1083 1734 1120 1784 ut
1139 1742 1211 1787 eaa

162 1806 418 1889 ‘magistratibus
440 1807 530 1869 sociis
554 1819 645 1888 atque
666 1806 772 1869 amicis
794 1816 1007 1889 paterentur.⁸
1043 1802 1161 1871 Literas
1177 1830 1212 1871 se

163 1892 176 1926 ‘
191 1893 231 1954 ad
244 1891 279 1955 la.
294 1890 494 1955 Hortensium
511 1902 670 1976 pretorem
683 1892 807 1954 daturos
818 1910 902 1969 esse3
917 1901 982 1974 qure
993 1888 1210 1956 Chalcidenses

161 1979 176 2011 ‘
191 1992 356 2060 querantur
371 1992 450 2057 acta,
466 1998 503 2040 ee
516 1980 634 2041 senatui
647 1998 708 2061 nqn
723 1979 866 2059 placere:
890 1978 914 2038 si
927 1978 978 2059 qui
991 1978 1025 2040 in
1034 1978 1212 2042 servitutem

163 2064 176 2100 ‘
191 2066 277 2128 liberi
292 2058 456 2143 venissent,
472 2077 506 2125 ut
520 2084 572 2126 eos
584 2064 805 2145 conquirendos
820 2065 919 2144 primo
931 2082 1051 2144 quoque
1060 2075 1220 2147 tempore„

164 2150 456 2233 ‘restituendosque
482 2152 514 2211 in
532 2151 703 2212 libertatem
719 2162 858 2211 curaret:
881 2149 1034 2210 sociorum
1056 2150 1212 2212 navalium

161 2238 356 2316 ‘neminem,
380 2238 527 2319 ”preter
552 2236 724 2315 magistros,
744 2236 775 2296 in
798 2234 933 2316 hospitia
957 2234 1068 2297 deduci
1091 2254 1218 2317 aequum·

161 2321 333 2386 ‘censere’
378 2320 454 2384 Haec
469 2320 636 2383 Hortensio
658 2318 744 2401 jussu
766 2332 890 2383 senatus
910 2320 1034 2403 scripta.
1079 2318 1213 2386 Munera

158 2408 269 2471 bindm
285 2407 416 2470 millium
427 2406 492 2469 reris
508 2406 616 2487 legatis
628 2406 730 2484 missa,
741 2417 773 2468 et
783 2406 922 2476 vehicula
931 2404 1075 2467 Mictioni
1090 2408 1118 2444 ⁴⁰
1130 2406 1209 2487 pub÷

159 2494 221 2556 lice
249 2493 362 2571 locata,
381 2512 447 2575 qnae
461 2512 530 2553 eum
545 2490 741 2553 Brundisium
763 2492 924 2553 commode
938 2490 1148 2573 perveherent.
1170 2487 1209 2552 C.

160 2578 354 2658 Lucretium,
376 2578 429 2640 ubi
450 2578 524 2655 dies,
544 2596 610 2658 que
625 2576 707 2638 dicte
722 2586 798 2655 eret,
813 2577 906 2654 venit,
925 2576 1036 2640 tribuni
1052 2576 1093 2638 ad
1107 2587 1340 2661 popu-luenda

161 2667 225 2728 lum
242 2677 432 2742 accusarunt,
457 2664 644 2744 multamque
670 2665 695 2701 ⁴²
709 2661 810 2724 decies
835 2675 959 2724 centum
984 2662 1113 2724 millium
1140 2655 1347 2734 ansem-

159 2753 315 2815 dixerunt.
360 2747 501 2811 Co'mitiis
516 2749 639 2828 habitis,
654 2767 760 2811 omnes
775 2748 908 2829 quinque
921 2760 953 2811 et
967 2748 1096 2830 triginta
1108 2748 1211 2811 tribus

159 2857 229 2900 eum
245 2837 496 2899 condemnarunt.

206 2921 261 2984 lx.
277 2921 312 2984 ln
327 2920 488 3004 Liguribus
503 2940 540 2981 eo
556 2941 636 2983 enno
660 2919 736 2982 nibil
759 2919 957 2982 memorabile
978 2931 1108 3001 gestum.
1132 2937 1351 2999 namunLtguru

161 3029 218 3070 nec
239 3009 342 3070 hostes
366 3018 528 3070 moverunt
552 3027 646 3084 anna,
673 3027 770 3088 neque
791 3008 897 3068 consul
923 3007 955 3067 in
976 3025 1083 3086 agrum
1099 2999 1335 3068 eommufflt*

162 3095 298 3175 legiones
312 3094 451 3155 induxit:
475 3094 604 3171 stratis
618 3092 776 3175 explorata
794 3113 870 3173 pace
890 3091 954 3173 ejus
976 3091 1060 3169 anni,
1085 3080 1277 3153 uniti-³⁰²²·

163 3187 213 3240 tes
244 3179 367 3240 duarum
397 3180 552 3260 legionum
585 3177 794 3240 Romanarum
828 3178 909 3240 intra
930 3176 995 3238 dies
1033 3179 1205 3258 sexaginta,-

163 3283 258 3344 quam
280 3264 310 3324 in
332 3263 515 3344 prouinciam
537 3264 631 3340 uenit,
654 3263 780 3324 dimisit.
808 3264 960 3324 sociomm
987 3263 1124 3322 nominis·
1143 3259 1207 3323 La·

163 3349 222 3411 tini
247 3349 379 3410 exercitu
399 3363 516 3411 meture
538 3348 570 3409 in
596 3348 724 3408 hiberna
749 3346 869 3407 Lunam
895 3357 927 3406 et
951 3345 1035 3406 Pisas
1063 3345 1206 3425 deducto,

160 3435 229 3518 ipse
244 3455 313 3497 cum
328 3435 476 3516 equitibus
500 3432 607 3497 Galliae
628 3432 790 3514 provinciae
809 3432 953 3513 pleraque
978 3431 1094 3512 oppida
1120 3432 1217 3496 adiit..

158 3519 320 3602 Nusquam
343 3520 425 3598 alibi,
449 3539 540 3602 quam
562 3521 594 3581 in
617 3517 813 3594 Macedonia,
835 3516 947 3577 bellum
971 3515 1053 3577 erat:
1081 3535 1210 3600 suspec-

190 3617 199 3652 ¹
210 3618 289 3736 Q
295 3619 332 3670 M.
344 3619 413 3670 Creu.
485 3622 594 3682 rognum
605 3618 712 3679 interrog.
720 3630 768 3664 nou
777 3626 830 3681 pest
837 3617 957 3664 fficium
967 3615 1068 3679 red-port
1076 3627 1216 3679 prm*

158 3765 579 3828 wnibdnequdiempmia't,
598 3780 667 3828 neque
698 3760 1033 3836 natiumnupirtridiuuptur:
1054 3757 1216 3868 etdiguitttles

151 3829 667 3956 ffitnffntttlnfflttt
698 3827 1146 3954 tltlrlll'nltll‘lff’l‘
1159 3836 1212 3871 ⁶⁰*

194 3955 316 4006 ”noan
331 3957 369 4020 eu]
403 3959 459 4007 Non
477 3972 502 4008 ut
591 3957 668 4006 'talla
731 3955 882 4002 mpetum
900 3948 1112 4025 banthense
1127 3948 1209 4026 pepedi

161 4031 296 4085 merentur
311 4022 503 4083 ιωιιὶηιιὶδυι
520 4025 586 4076 rasile
599 4033 668 4083 etque
701 4020 800 4070 nonant
815 4020 918 4081 impetun
932 4014 1037 4091 prebete.
1052 4023 1115 4064 certo
1132 4026 1208 4078 prena

160 4086 251 4143 anicia,
266 4088 340 4150 quaba
357 4087 520 4138 Chalcidemer
536 4088 563 4138 ab
581 4089 668 4136 Lucre·
700 4084 883 4150 redemptoribus
894 4082 1006 4129 coudmo.

158 4152 194 4199 tio
213 4162 238 4200 et
252 4151 381 4201 Hortensio
400 4153 573 4216 penituerunt.
605 4150 667 4199 Gro-
703 4183 706 4193 .
731 4149 751 4182 ⁴¹
765 4147 841 4196 Decies
850 4143 1039 4219 eemnmmillipm
1049 4139 1108 4208 oris]
1138 4141 1207 4219 Mar·

162 4218 242 4266 aurius
252 4217 302 4266 rult
311 4217 357 4278 legi
376 4220 428 4266 mie*
438 4226 503 4282 αιςιω
513 4218 591 4268 arud:
609 4218 670 4280 quod
701 4229 780 4264 cerum
790 4210 878 4273 argenti
889 4209 1049 4258 Parmensium
1061 4209 1129 4257 1562.
1141 4222 1209 4256 uner-

162 4281 255 4330 lortaree
266 4281 392 4343 elegantius
402 4281 473 4332 rideri
484 4284 561 4348 possit.
702 4295 767 4328 erum
778 4281 799 4326 l.

194 4346 217 4382 ³⁹
227 4345 313 4396 Preter
342 4346 466 4414 magistrer]
507 4347 622 4396 Videntur
644 4347 675 4394 ni·
735 4343 757 4378 θ
769 4341 854 4390 Milites
865 4373 872 4388 .
884 4372 891 4388 .
904 4337 1012 4402 aimon]
1041 4339 1097 4389 Hoc
1113 4337 1211 4387 debem

162 4413 261 4474 registri
277 4412 383 4459 ociorem
399 4415 513 4460 natalium
529 4414 597 4462 iidem
613 4425 673 4466 esse,
703 4405 803 4470 sigonio.
828 4404 895 4454 Prius
905 4405 986 4456 divim.

178 4475 203 4522 ui
221 4475 348 4538 interdura,
366 4487 392 4526 ut
403 4491 471 4543 supra
481 4478 498 4527 l.
510 4490 586 4528 xxix.
597 4491 620 4526 c.
631 4476 670 4524 2⁵.
