3184 5225
494 340 572 401 LlB.
592 340 701 401 XLIV.
721 342 803 401 CAP-
823 341 917 402 XLV.
1178 350 1235 406 165

183 493 217 558 P.
233 490 339 577 Scipio
354 495 380 556 is
394 507 471 573 erat,
484 494 645 559 Africanus
657 506 688 557 et
702 497 767 579 ipse
782 508 898 580 postea,
914 495 1014 559 deleta
1027 494 1228 578 Karthagine,
1242 512 1275 565 U.
1287 516 1318 566 c,
1328 520 1389 571 aar:

182 581 364 664 adpellatua,
379 583 526 643 naturalis
538 583 670 644 consulis
681 582 787 659 Paulli,
800 583 965 665 adoptione
974 583 1108 645 Africani
1121 604 1227 667 nepos.
1239 579 1270 628 Α·
1280 575 1311 655 (3-
1324 582 1379 635 ¹⁶⁸4

184 666 227 745 la,
242 667 558 750 septimumdecimum
571 682 643 731 tunc
664 688 777 729 annum
793 690 897 749 agens,
913 669 995 750 quod
1008 669 1106 750 ipsum
1120 690 1225 733 curam
1237 644 1392 763 &walto

184 755 327 834 augebat,
354 753 425 815 dum
449 754 541 815 effuse
567 755 701 835 sequitur
717 755 831 832 liostes,
855 755 885 815 in
901 767 1020 837 partem
1034 756 1126 817 aliani
1137 758 1341 824 turba-nar.

184 840 305 901 ablatus
320 850 404 900 eratr
421 850 462 918 et,
477 841 570 901 aerius
584 861 676 921 quum
692 841 831 917 redisset,
855 852 927 902 tunc
954 840 1088 919 demum,
1103 838 1313 925 recepto-eim·

184 926 298 1007 sospite
314 926 387 1001 lilio,
412 926 544 988 victoriae
558 938 650 988 tantoe
664 926 808 1006 gaudium
825 926 931 987 consul
947 927 1050 988 sensit.
1093 926 1226 1011 Amphi·

183 1011 281 1095 polim
310 1032 404 1092 quum
428 1012 494 1092 jam
524 1012 606 1073 fama
633 1032 740 1094 pugna
770 1013 967 1093 pervenisset,
1001 1032 1226 1095 concursusque

185 1108 395 1160 matronarum
426 1098 458 1159 in
480 1098 625 1179 templum
649 1102 675 1143 ³⁷
685 1096 804 1175 Diana,
830 1119 920 1178 quarn
948 1095 1146 1180 Tauropolon
1171 1122 1226 1162 vo-

184 1196 271 1261 cant,
298 1184 337 1246 ad
360 1204 449 1264 opem
465 1184 690 1265 exposcendam
703 1183 801 1245 aieret
812 1206 822 1260 3
845 1182 1009 1259 Diodorus,
1032 1185 1083 1263 qui
1100 1198 1227 1266 praeerat

184 1270 262 1347 urbi,
292 1281 439 1346 metuens,
465 1290 504 1331 ne
523 1268 669 1346 Thraces,
693 1290 821 1349 qnorum
841 1270 903 1329 duo
929 1269 1025 1330 millia
1039 1270 1070 1330 in
1086 1271 1226 1352 prasidio
1254 1340 1258 1346 ,

184 1365 284 1432 narrt,
298 1356 403 1417 urbem
417 1355 449 1417 in
464 1356 593 1418 tumultu
615 1355 788 1437 diriperent,
812 1356 852 1415 ab
869 1356 1033 1417 subornato
1052 1357 1091 1417 ab
1114 1376 1146 1416 ae
1172 1376 1226 1438 per

185 1440 340 1503 fallaciam
357 1441 387 1503 in
403 1440 551 1504 tabellarii
575 1442 708 1524 speciem
734 1441 836 1502 literas
852 1441 882 1501 in
898 1440 964 1502 foro
980 1441 1082 1503 medio
1097 1442 1226 1523 accepit.

187 1524 343 1609 Scriptum
359 1529 389 1589 in
407 1528 447 1588 iia
459 1538 535 1605 erat,
559 1527 622 1588 ‘ad
637 1526 812 1588 Emathiam
839 1526 965 1588 classem
982 1526 1154 1589 Romanam
1169 1527 1225 1589 ad·

188 1613 201 1645 ‘
215 1614 333 1695 pulsam
343 1634 419 1691 esse,
432 1634 577 1696 agrosque
589 1614 790 1674 circavexari.
804 1634 890 1673 orare
899 1611 1226 1693 praefectanmathiae,

186 1700 200 1732 ⁴
214 1710 248 1761 ut
263 1701 433 1781 praesidium
449 1700 588 1762 adversus
603 1700 799 1781 populatores
808 1696 930 1760 mittat?
975 1697 1033 1759 His
1046 1700 1143 1775 lectis,
1153 1699 1226 1761 hor·

188 1796 271 1847 tatur
284 1784 431 1864 Thracas,
445 1787 456 1818 ‘
473 1798 504 1847 ut
520 1785 559 1846 ad
574 1786 718 1847 tuendam
732 1784 879 1846 Emathia
890 1805 974 1845 oram
989 1784 1227 1867 proficiscantur.

191 1872 359 1953 ‘maguam
374 1894 426 1933 eos
441 1872 555 1933 caeder'n
575 1872 777 1953 praedamque,
801 1871 912 1952 palatis
934 1872 1047 1953 passim
1069 1892 1123 1954 pcr
1136 1891 1227 1953 agros

191 1956 375 2036 ‘Romania
390 1959 535 2021 facturos.
582 1956 678 2018 Simul
693 1958 791 2018 elevat
811 1956 925 2017 famam
948 1957 1078 2017 adversae
1100 1976 1228 2037 pugna:

192 2043 285 2124 ‘quae
299 2046 324 2105 si
339 2066 410 2106 vera
421 2044 511 2120 foret,
527 2042 620 2104 alium
636 2063 725 2124 super
740 2042 834 2103 alium
859 2055 996 2103 recentes
1016 2062 1054 2102 ex
1069 2041 1142 2121 iuga
1155 2061 1230 2103 ren-

190 2129 204 2161 ‘
220 2140 302 2191 turos
312 2128 424 2193 insse?
446 2166 450 2177 ·
463 2129 519 2191 Per
534 2130 612 2189 hanc
625 2148 764 2189 caussam
777 2126 947 2188 'llrracibus
964 2127 1123 2207 ablegatio,
1140 2125 1230 2187 airnnl

192 2225 395 2296 transgressos
410 2236 463 2277 eoa
475 2214 670 2297 Strymonem
684 2214 770 2290 vidit,
786 2224 889 2295 portas
904 2212 1022 2275 clausit.

204 2348 207 2354 -
234 2300 334 2364 XLV.
355 2300 462 2364 Tertio
478 2301 528 2361 die
544 2298 678 2376 Perseus,
698 2319 788 2379 quam
813 2310 981 2380 pugnatum
1004 2310 1079 2376 erat,
1102 2298 1230 2382 Amphi·
1244 2302 1341 2354 Panna
1360 2320 1399 2357 cc·

192 2388 290 2469 polim
305 2389 398 2449 veuit.
424 2387 496 2448 iude
518 2396 653 2447 oratores
678 2406 747 2447 curn
771 2386 905 2446 caduceo
925 2385 965 2446 ad
989 2384 1123 2447 Paullum
1138 2386 1232 2449 misit.
1243 2372 1377 2448 docem
1490 2391 1494 2405 '

191 2472 319 2535 Interim
345 2472 488 2555 Hippias,
514 2482 547 2533 ct
569 2470 659 2549 Milo,
679 2483 711 2533 et
726 2469 928 2549 Pantauchus,
951 2472 1101 2555 principes
1116 2472 1231 2535 amico·
1244 2433 1352 2554 ’ἔξω

193 2580 260 2622 rum
276 2560 366 2643 regis,
382 2557 532 2638 Beroeam,
548 2580 607 2641 quo
622 2580 660 2621 cx
675 2559 739 2622 acie
755 2559 963 2643 confugerant,
987 2558 1046 2641 ipsi
1066 2558 1106 2620 ad
1121 2579 1232 2638 conau-

193 2645 253 2708 lern
270 2647 410 2728 profecti,
426 2645 572 2728 Romanis
587 2646 721 2709 deduntr
745 2649 772 2685 ³⁸
783 2646 842 2708 hoc
858 2647 939 2708 idem
955 2657 987 2707 et
1005 2645 1070 2707 aliar
1090 2646 1233 2730 deinceps

194 2744 277 2795 rnetu
304 2733 447 2817 perculsa
473 2734 622 2816 parabant
647 2733 757 2795 facere.
801 2732 927 2810 Consul,
957 2733 1075 2794 nunciis
1100 2733 1233 2798 victoria

195 2819 235 2890 Q.
250 2818 346 2883 Fabio
361 2819 425 2882 filio
439 2831 472 2883 et
486 2818 523 2881 1..
539 2817 667 2882 Lentulo
691 2831 723 2882 et
744 2820 784 2891 Q.
800 2818 930 2883 Metcllo
954 2839 1024 2883 curn
1047 2819 1142 2882 literis
1167 2819 1233 2884 Ro·

195 2927 278 2969 marn
307 2906 418 2985 missis,
450 2907 547 2990 spolia
578 2905 709 2988 jacentia
746 2907 879 2970 hostiurn
907 2909 1058 2970 exercitus
1079 2907 1233 2991 peditibus

197 2995 363 3069 concessit3
389 2993 541 3075 equitibus
556 2995 687 3076 praedam
702 2993 890 3075 circumjecti
912 2995 988 3075 agri,
1014 2996 1085 3056 dum
1107 3015 1147 3056 ne
1166 3013 1234 3055 am-

197 3079 275 3162 plius
289 3081 403 3142 duabus
423 3079 563 3142 noctibus
577 3101 597 3141 a
611 3081 718 3142 castris
734 3081 885 3143 abessent.
929 3081 998 3163 lpse
1013 3081 1136 3163 propius
1151 3099 1235 3140 mare

200 3165 239 3225 ad
254 3163 387 3248 Pydnam
403 3177 503 3228 castra
518 3167 624 3228 movit.
668 3165 777 3227 Beroea
801 3168 943 3248 primum,
968 3167 1080 3226 deinde
1099 3164 1234 3228 Thessa·
1345 3159 1350 3166 ⁴

200 3249 311 3328 ionica,
333 3263 364 3313 et
379 3252 470 3332 Pella,
494 3265 526 3314 ct
542 3253 685 3335 deinceps
700 3254 800 3314 omnis
825 3252 921 3313 sermo
945 3249 1132 3312 Macedonia
1156 3252 1238 3313 intra
1247 3257 1375 3308 Tarauna·

199 3336 324 3398 biduum
343 3338 455 3401 dedita.
499 3337 632 3420 Pydnai,
657 3339 707 3418 qui
734 3339 865 3420 proximi
892 3349 989 3414 erant,
1014 3337 1150 3398 nondum
1177 3338 1234 3398 mi-
1248 3324 1392 3440 {dmm

196 3434 302 3484 aerant
326 3423 441 3506 legatos
454 3447 462 3486 r
490 3424 652 3486 multitudo
670 3423 829 3486 incondita
842 3424 971 3506 plurium
986 3423 1074 3484 simul
1089 3424 1237 3504 gentium,
1281 3406 1303 3442 '⁸

197 3511 358 3591 turbaque,
375 3531 439 3592 qua
454 3531 493 3572 ex
508 3511 572 3572 acie
593 3510 665 3591 fuga
685 3510 715 3570 in
736 3529 829 3570 unum
853 3510 1010 3592 compulsa
1035 3519 1110 3588 erat,
1135 3511 1237 3572 conai-

198 3596 273 3658 lium
289 3608 321 3658 et
341 3617 520 3658 consensum
546 3595 678 3657 civitatis
704 3595 902 3678 inpediebat:
930 3617 987 3657 nec
1013 3595 1120 3658 clausae
1144 3596 1238 3658 modo

197 3694 304 3767 portae,
335 3684 387 3745 sed
415 3683 508 3744 etiam
535 3681 720 3744 inadificatoe
747 3694 846 3744 erant.
891 3680 979 3743 Missi
1006 3680 1086 3743 Milo
1110 3693 1142 3744 et
1156 3681 1238 3743 Pan-

187 3769 327 3831 tauchus
342 3770 396 3830 sub
422 3789 525 3830 muros
552 3768 591 3830 ad
614 3768 810 3848 conloquium
837 3765 967 3846 Solonis,
988 3771 1015 3808 ³⁹
1025 3768 1076 3849 qui
1098 3767 1239 3851 praeaidio

200 3867 285 3916 erat:
312 3876 367 3937 per
382 3875 452 3917 eum
468 3853 617 3917 onrittitur
643 3854 782 3916 militaris
807 3855 905 3918 turba.
928 3854 1077 3940 oppidum
1103 3840 1239 3920 dadinum

233 4066 255 4105 ³7
268 4066 347 4118 Diana
371 4087 437 4132 prom
460 4067 595 4129 Touroynloa
615 4069 703 4133 meunt]
733 4071 850 4134 permira]
875 4072 924 4121 Vel
943 4071 1060 4119 intercidit
1076 4073 1245 4131 varcinium:

199 4131 283 4182 Dianae
294 4135 341 4182 boc
351 4147 480 4192 cognomen
497 4135 599 4181 additum
618 4134 706 4190 rolant,
735 4137 772 4183 rel
783 4135 904 4198 legendum
916 4139 1002 4185 eraclii
1017 4139 1244 4199 ranem-impar·

199 4198 477 4264 relqoodapudl'auroc
487 4198 587 4262 Scydiire
596 4199 706 4276 populum
736 4201 801 4248 cunt.
832 4199 998 4250 Gnouovrua.

201 4263 299 4323 eninm,
315 4264 353 4312 rel
370 4265 430 4326 quod
449 4263 552 4324 gregibus
568 4277 653 4326 praeit,
671 4263 708 4312 vel
771 4262 851 4316 ”Qui
875 4266 976 4325 presidio
1000 4264 1061 4329 erat]
1103 4266 1180 4326 Maga
1193 4266 1244 4331 ple·

201 4329 260 4389 quod
271 4330 352 4377 eadem
370 4330 465 4378 sircam
475 4329 539 4390 luna,
556 4343 624 4392 quana
636 4329 707 4377 muris
741 4340 805 4378 cerea
829 4335 932 4391 μανά,
956 4332 1018 4393 quod
1041 4344 1124 4384 monet
1151 4330 1246 4381 orm

199 4391 254 4441 nebi
265 4393 353 4454 fingunt
366 4397 448 4458 poeria
740 4395 801 4446 rina.

230 4457 317 4508 ”Hor
343 4459 399 4507 idon
420 4467 441 4509 rt
462 4459 513 4508 clia
540 4459 637 4522 drincrpr
652 4465 711 4506 netu
