3184 5225
495 348 574 409 LIB.
587 346 682 409 XLV.
701 346 782 407 Chl'.
799 344 868 405 XV.
1018 410 1022 417 ‚
1146 351 1202 406 183

150 504 249 569 ‘sua
260 514 370 587 postea
393 504 484 568 trium
509 523 613 585 regum
637 502 724 565 bellis
747 500 891 582 deinceps
907 498 1046 560 omnibus
1063 497 1201 562 functum
1213 492 1245 607 ἓ·
1254 492 1286 605 g
1297 494 1357 606 ῗὲὲ.

151 590 298 653 ‘officiis
319 588 459 653 Victoria
472 611 544 652 vero
558 588 664 671 populi
680 586 812 651 Romani
827 585 920 647 laetari
937 605 1005 645 eum
1022 604 1124 665 regern
1140 585 1198 644 mi·
1277 591 1283 604 ·
1345 586 1353 605 ·

150 677 163 710 ‘
179 676 247 739 ium
260 697 323 739 non
339 697 415 753 esse,
430 677 481 757 qui
496 687 609 738 sortem
624 695 746 736 omnern
766 673 895 733 fortunae
909 670 1054 751 regnique
1067 671 1113 730 sui
1128 690 1197 731 cum

150 763 286 825 ‘rebus'
301 760 450 825 Romanis
465 762 676 823 inmiscuisset.
721 756 831 821 Grates
846 757 914 817 Diis
934 777 988 838 pro
1008 754 1111 837 populi
1135 755 1197 816 Ro-
1230 788 1233 791 ⁴

152 849 164 881 ‘
180 849 265 913 mani
289 848 417 911 victoria
443 848 522 931 apud
539 869 608 909 auos
623 856 748 928 penates
764 855 889 927 ageret3
915 841 1021 903 Rornae
1035 841 1129 902 filiurn
1144 861 1199 921 pro

150 934 163 967 ‘
179 956 217 997 eo
234 948 383 999 acturum.
413 932 605 997 Gratulatum
622 953 740 1013 quoque
756 930 830 993 satis
845 950 900 989 suo
915 950 951 991 ac
966 927 1063 1010 patris
1077 927 1219 994 nornine,

151 1020 259 1087 ‘ettae¹
301 1018 403 1103 Ipsum
429 1020 595 1103 relinquere
614 1038 752 1101 regnurn,
774 1028 807 1077 et
824 1013 930 1077 Africa
945 1014 1102 1091 excedere,
1125 1034 1201 1095 pra-

153 1106 320 1189 ‘terquaur
335 1107 418 1187 qnod
433 1108 476 1169 illi
491 1105 596 1169 inutile
612 1114 700 1181 esset,
723 1123 784 1165 non
801 1123 867 1165 esse
889 1122 906 1162 e
927 1100 1082 1182 republica
1095 1101 1200 1183 populi

153 1192 165 1225 ‘
181 1191 326 1269 Romani,
340 1205 477 1256 senatum
495 1190 638 1257 censere?
683 1188 802 1253 Petenti
815 1186 984 1269 hlasgabae,
999 1198 1034 1248 ut
1053 1190 1080 1224 ⁸⁰
1089 1186 1204 1248 Hanno

153 1274 340 1341 Hamilcaris
364 1278 442 1341 filius
459 1280 566 1341 obses²
590 1279 621 1339 in
645 1276 781 1339 locum*
802 1275 973 1356 ”exigeret
1015 1270 1148 1335 Munera
1162 1294 1206 1333 ert

154 1366 419 1428 senatusconsulto
444 1387 544 1427 emere
571 1364 675 1447 regulo
703 1372 832 1444 quaestor
850 1359 951 1443 jussus
978 1380 1016 1421 ex
1040 1362 1064 1399 ⁶¹
1078 1371 1205 1421 centurn
1296 1422 1299 1430 ,

154 1452 262 1532 pondo
276 1452 406 1533 argenti,
419 1464 451 1515 et
465 1452 606 1533 prosequi
619 1472 688 1511 eurn
699 1447 853 1526 Puteolos,
864 1468 1045 1531 omnemque
1058 1456 1217 1521 sumtum,

155 1538 258 1617 quoad
274 1538 304 1597 in
321 1535 411 1599 ltalia
425 1549 514 1615 esset,
537 1538 678 1620 praebere,
694 1548 725 1597 et
742 1534 817 1615 duas
832 1556 923 1600 naves
937 1535 1117 1611 conducere,
1135 1530 1214 1618 qui-3

154 1623 256 1695 bus,⁶⁹
269 1624 333 1706 ipse
349 1624 535 1705 comitesque
546 1624 625 1705 regis
640 1624 671 1685 in
686 1622 824 1685 Africam
840 1621 1077 1685 deueherentur:
1101 1630 1133 1681 et
1149 1640 1204 1681 co-

155 1709 284 1771 mitibus
299 1710 452 1787 omnibus,
474 1710 576 1771 liberis
590 1709 752 1789 servisque,
774 1708 958 1774 vestimenta
981 1706 1064 1768 data.
1111 1703 1205 1769 Haud
1365 1762 1371 1773 ,

156 1793 203 1855 ita
216 1796 314 1857 multo
328 1811 399 1879 post
415 1795 452 1858 de
468 1796 565 1857 altero
582 1794 752 1857 Masinissa
767 1794 830 1855 filio
849 1792 1009 1872 Misagene
1032 1793 1126 1855 literae
1150 1792 1205 1854 ad·
1220 1784 1382 1869 Masgesuss,

155 1879 228 1945 lsrae
242 1893 322 1959 sunt,
345 1882 356 1913 ‘
371 1882 496 1943 missurn
520 1903 590 1943 eurn
615 1882 653 1942 ab
674 1880 717 1966 L..
725 1878 830 1941 Paullo
846 1891 914 1961 post
929 1879 1082 1941 devictum
1098 1877 1207 1941 Persea
1218 1872 1346 1949 alteratus

155 1965 168 1997 ‘
184 1966 215 2027 in
230 1966 366 2031 Aliicam
382 1989 452 2029 eum
468 1968 619 2049 equitibus
632 1967 713 2042 suis3
737 1966 943 2047 navigantem,
965 1965 1101 2047 dispersa
1112 1965 1206 2027 classe
1220 1938 1356 1987 Mamm.

155 2050 169 2084 ‘
185 2051 216 2115 in
231 2050 414 2116 Hadriatico
429 2054 518 2131 mari,
540 2052 734 2116 Brundisium
751 2052 846 2113 tribus
862 2052 987 2113 navibus
999 2072 1112 2131 aegrum
1124 2052 1209 2112 dela-

156 2136 273 2199 ‘tum.'
317 2138 369 2201 Ad
395 2161 464 2201 eum
490 2161 560 2201 eum
587 2140 696 2209 iisdem
718 2138 906 2215 muneribus,
928 2158 993 2218 quae
1015 2137 1089 2198 data
1105 2136 1211 2199 Roma

156 2220 245 2285 fratri
260 2222 325 2307 ejus
341 2236 437 2304 erant,
460 2222 497 2287 L.
513 2222 679 2289 Stertinius
701 2236 831 2305 quaestor
856 2222 1053 2289 Brundisium
1078 2224 1211 2289 missus:
1254 2310 1259 2318 Ι

151 2306 318 2392 jussusque
334 2332 449 2389 curare,
472 2323 506 2372 ut
517 2310 600 2389 ¹sedes
614 2312 720 2394 hospi-

486 2398 506 2435 s
651 2428 665 2435 -
680 2398 700 2438 a
875 2400 896 2439 a

197 2478 262 2541 XV
264 2514 272 2541 r
296 2482 359 2523 Μ
376 2483 408 2542 in
423 2494 555 2563 quatuor
581 2483 712 2545 urbanas
738 2486 835 2546 tribus
858 2486 1002 2569 descripti
1017 2501 1104 2552 erant
1118 2492 1213 2554 liber«

157 2566 226 2646 tini,
247 2580 357 2650 praeter
381 2589 443 2645 eos,
471 2571 497 2607 ⁶³
510 2568 617 2650 quibus
642 2568 720 2632 filius
744 2572 930 2654 quinquenni
955 2573 1053 2656 major
1068 2598 1106 2638 ex
1119 2592 1235 2641 sena-⁴·

155 2652 347 2716 tusconsulto
373 2667 463 2717 esset.
518 2651 593 2732 Eos,
618 2656 671 2716 ubi
697 2659 838 2738 proximo
864 2659 958 2722 lustro
982 2663 1065 2722 censi
1096 2676 1210 2741 essem,

158 2739 318 2802 “censeri
340 2737 519 2819 jusserunt:
552 2753 584 2802 et
598 2761 660 2819 eos,
684 2744 734 2824 qui
759 2745 905 2826 praedium
932 2747 1082 2828 prandisse
1096 2752 1228 2812 natica·

156 2876 167 2901 ¹
181 2870 297 2920 most
310 2869 383 2920 Gran.
394 2871 463 2920 Cres.
563 2874 571 2903 ²
585 2873 656 2935 hospes
667 2877 736 2926 Creu.
810 2915 813 2921 .
847 2879 959 2939 'signans
970 2880 1060 2930 lacunas
1071 2884 1137 2932 deest
1149 2883 1214 2934 Esus

158 3001 212 3036 ean
222 2986 351 3036 Masinissae
366 2989 516 3049 gratulatione
533 2999 557 3038 et
576 2990 666 3038 modes·
701 2991 819 3052 Massaba,
833 3006 860 3042 ut
871 2992 1000 3043 Masinissa
1010 2996 1070 3057 regis
1083 2997 1151 3054 libus,
1168 3012 1211 3048 rex

160 3051 194 3100 tia
203 3061 278 3100 certet
287 3054 394 3102 comitate
406 3067 430 3102 et
441 3054 553 3102 laudibus.
699 3069 726 3104 st
735 3059 783 3122 ipss
795 3059 839 3107 dici
849 3059 969 3123 potuisset,
982 3073 1006 3109 at
1016 3077 1060 3110 vox
1070 3065 1114 3123 ipss
1128 3075 1209 3126 postu·

193 3112 218 3146 ω
234 3114 314 3164 linono
333 3121 450 3167 dunilensis
467 3120 535 3179 filius
554 3118 628 3179 hospes
642 3121 667 3168 iss
699 3123 731 3170 lat
742 3127 799 3184 prta

161 3177 346 3252 lpemsaigsrst]
367 3182 445 3230 Nemo
465 3197 511 3232 noo
534 3183 595 3231 uidet
616 3201 667 3230 mu.
733 3187 754 3224 ὕ
771 3187 856 3240 Quibus
878 3187 947 3248 filisu
977 3192 1113 3252 quinquenni
1142 3191 1212 3250 saajor

63 3275 73 3292 s
160 3241 232 3292 ttlurn
247 3258 296 3292 esse
314 3246 374 3298 hune
390 3247 475 3296 locun.
505 3247 529 3294 Si
561 3250 612 3296 nius
630 3263 671 3311 pro
703 3267 729 3298 sa
746 3250 770 3298 S.
789 3252 816 3298 C.
832 3250 895 3315 east]
919 3251 1001 3315 inepte
1022 3255 1061 3300 hic
1081 3256 1212 3306 inseruosru

163 3305 238 3368 hospes
257 3307 313 3370 legit
333 3313 391 3360 obses
435 3313 520 3361 Corsos
530 3263 582 3360 ἒῗοο
604 3313 671 3362 modo
704 3314 741 3362 hae
760 3319 828 3364 votes
843 3332 869 3364 es
888 3319 1076 3364 mamuralia.
1108 3316 1154 3364 Vel
1173 3333 1212 3367 re·

163 3363 272 3434 auppldt:
298 3375 383 3424 Petenti
406 3376 527 3442 Mosgodae,
547 3385 573 3424 ut
590 3377 674 3424 Hosrno
703 3377 750 3441 iios
770 3381 844 3428 casin
861 3378 982 3437 antenore,
997 3383 1213 3430 examinemus

163 3434 283 3489 Anthou
293 3441 361 3498 filisu
388 3441 442 3489 odsss
469 3441 574 3520 [ulterius
593 3444 672 3504 qu'us·
706 3445 808 3502 descripti
827 3452 891 3490 eram
910 3441 1023 3502 bunion
1051 3445 1088 3492 rel
1108 3445 1138 3492 iis
1158 3463 1211 3508 quse

162 3499 229 3564 darn]
241 3505 269 3574 pis
284 3505 354 3552 lnam
371 3505 491 3570 [Romanu
508 3506 610 3554 sl'oenia
619 3507 673 3554 mia
705 3519 834 3570 sequuntur
854 3509 959 3572 adjunge,
979 3511 1060 3560 maess'
1075 3525 1100 3556 sa
1113 3521 1213 3560 mutus-

165 3576 265 3624 teretur,
278 3571 394 3634 respondit
406 3585 500 3622 senatus
508 3573 569 3620 haud
580 3585 672 3632 sequium
705 3573 932 3632 comultojussssuns.

164 3629 244 3687 videri,
262 3646 290 3682 ut
309 3635 399 3684 obsides
420 3654 433 3684 s
451 3636 674 3698 Carthaginiensibus
737 3633 759 3672 ⁶⁴
776 3636 997 3700 cnuojwmr]
1017 3637 1078 3686 Hac
1089 3650 1114 3686 et
1124 3655 1214 3702 eaquae

163 3694 259 3770 arbitrio
270 3698 410 3764 Masinissae]
423 3704 522 3764 erigeret.
544 3703 589 3748 Sed
601 3716 672 3763 quum
705 3713 834 3763 sequuntur
856 3702 1006 3768 intelligimus
1031 3705 1060 3750 de
1083 3705 1215 3755 censoeibus

163 3759 331 3840 nssrrlonsninq
347 3765 425 3816 afferat
440 3765 553 3826 Sigonius,
566 3767 673 3828 quohrec
707 3767 736 3814 C.
759 3767 878 3824 Flaminio,
894 3779 919 3814 es
941 3770 969 3824 L.
990 3766 1094 3832 AEnrilio,
1117 3783 1164 3814 non
1185 3771 1214 3816 de

163 3831 672 3964 turi¹²it¹²lttsltt⁰ltri⁰q8123
706 3831 900 3946 {rhisus
916 3833 1215 3948 mm

165 3953 277 4029 quidlibet
287 3959 426 4022 aliud,quod
442 3961 512 4014 cuiuis
529 3961 552 4008 in
569 3971 673 4008 mentem
706 3961 786 4012 naus:
803 3978 859 4018 uns,
870 3967 932 4024 quod
942 3977 1024 4010 omnes
1040 3962 1227 4012 morastites·

163 4031 244 4066 venire
255 4034 342 4084 posset,
356 4025 459 4085 religioni
477 4024 582 4072 duximus
601 4026 674 4075 incer·
707 4027 749 4072 tini
768 4028 792 4074 in
815 4029 899 4074 tributu
918 4027 1062 4089 Esquilinam
1081 4043 1095 4073 a
1111 4026 1217 4076 Graccho

163 4089 215 4130 tum
233 4101 326 4148 prorsus
341 4091 522 4140 additamentum
542 4090 566 4136 io
581 4102 675 4141 costos·
706 4092 807 4156 conjscti
817 4093 931 4142 ridentur.
962 4093 1156 4154 Perpendeserba
1175 4094 1215 4140 Li-

161 4151 363 4222 {umsdmitterss
380 4154 500 4218 locutaque
512 4170 619 4204 mentum
636 4171 674 4206 rs·
707 4157 783 4213 vissa,
802 4159 827 4203 in
850 4173 916 4219 prum
942 4172 1014 4205 sauss
1031 4158 1072 4218 qui
1089 4159 1216 4205 mitum

153 4209 262 4274 ,linquere
273 4219 406 4268 maluimus.
673 4243 687 4256 ·
705 4223 829 4276 munt,
855 4223 999 4281 conjicerent.-
1026 4233 1163 4271 ermes:
1190 4224 1216 4268 irs

189 4275 211 4310 ⁶¹
231 4279 326 4330 Οιιιιωι
344 4287 417 4345 pondo
447 4283 545 4347 ogmar]
582 4285 669 4334 Mareia
708 4301 736 4334 ro
761 4285 797 4334 Ti.
818 4284 1108 4346 urwuwpmmusa
1133 4287 1215 4334 disni-

156 4344 295 4394 nostratibus
309 4349 363 4396 156.
374 4347 449 4396 uraniis
459 4353 481 4398 2.
654 4393 655 4400 ,
708 4365 745 4396 nor
758 4352 924 4398 oausam
941 4353 1034 4410 pinasca.
1067 4349 1159 4398 Deinde
1178 4349 1216 4397 ha

188 4407 210 4441 ⁸¹
224 4407 273 4468 11²oe
292 4413 418 4475 uomituque
438 4413 507 4476 regis]
535 4413 595 4474 Lego
615 4430 668 4466 cusi
704 4411 834 4470 locutiones
839 4416 884 4474 jus
896 4413 1045 4474 factumest,
1058 4427 1082 4463 et
1099 4415 1216 4476 respon

155 4467 470 4540 Grmoriocosaiteaquep'ru.
499 4479 593 4527 Etiamsi
606 4478 668 4528 enirn
703 4478 736 4524 iro
756 4487 866 4526 mum
881 4487 942 4538 suet,
957 4494 1005 4526 noa
1022 4478 1127 4528 ridentur
1143 4477 1217 4542 scarpi
