3184 5225
483 334 1040 434 mmmmu'
1165 382 1205 438 a

86 520 89 529 ’
160 527 327 609 quaerebat,
353 518 387 589 et
409 526 560 609 plerisque
584 520 742 591 moderate
769 542 802 591 et
826 527 957 611 benigne
981 529 1110 611 scriptas
1140 548 1206 592 esse
1219 547 1361 602 U.c.57tr.

160 615 358 676 censentibus
381 613 495 692 literas,
526 626 616 699 atque
644 616 691 676 his
720 616 864 691 maxime,
895 616 946 697 qui
975 629 1083 699 praeter
1119 638 1204 699 spem
1219 614 1357 665 &0¹7⁴-

160 700 315 783 recepturi
330 712 434 761 essent
460 700 573 761 amissa
594 702 764 785 mancipia;
796 701 999 764 ’Callicrates
1023 722 1061 764 ex
1082 703 1129 779 iis,
1152 704 1204 783 qui
1219 718 1348 768 Callicrati:

161 786 196 847 in
211 807 250 847 eo
264 787 336 847 verti
363 786 491 847 salutem
506 786 607 867 gentis
623 788 791 865 crederent,
816 788 842 849 si
864 808 935 850 cum
949 788 1095 850 Romanis
1109 789 1205 851 invio·
1218 786 1373 861 adimpe-

163 872 260 934 iatum
275 871 373 934 soedus
390 872 568 949 servaretur,
588 871 729 950 ‘Parva'
746 874 854 954 inquit,
875 875 955 935 ‘aut
969 875 1130 937 mediocris
1149 897 1208 955 res,
1219 864 1271 913 ‘²¹¹¹
1279 859 1361 899 ‘'m''

165 958 305 1035 ‘Achai
321 958 503 1038 quibusdam
519 956 637 1020 videtur
651 959 720 1039 agi3
754 979 813 1041 ego
826 960 985 1021 ’maxime
1000 962 1208 1042 gravissimam

164 1038 327 1106 ‘omnium
353 1065 416 1105 non
432 1037 540 1126 agique
564 1054 685 1105 tantum
706 1044 846 1122 arbitror,
871 1045 926 1106 sed
952 1047 1086 1126 quodam
1114 1050 1207 1110 modo

166 1131 177 1163 ‘
191 1140 294 1191 actam
311 1151 387 1191 esse.
410 1128 491 1191 Nam
501 1130 551 1210 qui
563 1130 684 1211 regibus
694 1127 914 1208 Macedonum,
926 1129 1211 1215 Macedonibusque

164 1216 277 1299 ‘ipsis,
304 1215 414 1277 finibus
445 1215 713 1293 interdixissemus,
743 1220 948 1297 ⁴manereque
977 1217 1010 1278 id
1040 1218 1208 1298 decretum,

165 1304 175 1334 ‘
192 1302 339 1379 ⁵scilicet,
366 1322 405 1363 ne
420 1302 548 1383 legatas,
572 1322 611 1362 ne
625 1302 753 1363 nuncios
769 1302 999 1364 admitteremus
1021 1324 1137 1385 regum,
1153 1325 1207 1386 per

165 1390 176 1421 ‘
191 1408 270 1469 quos
288 1388 458 1468 aliquorum
473 1408 511 1449 ex
526 1388 614 1449 nobis
638 1388 730 1450 animi
745 1388 1001 1465 sollicitarentur3
1026 1389 1046 1450 ii
1060 1391 1208 1451 concion-

165 1476 175 1507 ‘
191 1486 295 1535 antem
311 1474 443 1555 quodam
458 1473 551 1535 modo
567 1476 724 1536 absentem
741 1475 879 1536 audimus
904 1490 1019 1557 regem,
1033 1487 1077 1552 et,
1099 1476 1125 1537 si
1139 1473 1208 1537 Diis
1303 1464 1309 1472 ’

167 1560 302 1639 ‘placet
328 1560 498 1621 orationem
522 1558 586 1641 ejus
610 1562 782 1643 probamus.
825 1560 877 1637 Et,
892 1580 985 1642 quum
1008 1561 1079 1623 t'erae
1104 1562 1211 1625 bestiae

168 1647 295 1707 ‘cibum
319 1646 359 1707 ad
374 1645 511 1731 fraudem
538 1666 624 1707 suam
640 1647 773 1728 positum
797 1647 974 1729 plerumque
989 1648 1209 1729 adspernentur

167 1734 225 1794 ‘et
250 1732 413 1814 refugiant,
438 1752 494 1793 nos
522 1734 604 1810 caeci,
628 1734 728 1815 specie
744 1734 828 1815 parvi
852 1732 1002 1811 beneficii,
1017 1733 1207 1795 inescamur:
1242 1776 1246 1783 ·

166 1820 235 1895 ‘et,
250 1819 436 1880 servulorum
460 1818 578 1879 minimi
605 1819 694 1902 pretii
721 1819 963 1899 recipiendorum
986 1841 1051 1902 spe,
1072 1831 1209 1881 nostram

165 1904 326 1985 ‘ipsorum
351 1905 521 1967 libertatem
537 1905 639 1966 subrui
665 1917 697 1967 et
717 1906 828 1967 tentari
843 1906 985 1987 patimur.
1028 1904 1103 1975 Quis
1126 1908 1209 1969 enirn

166 1991 254 2051 ‘non
281 1990 377 2068 videt,
401 1992 499 2052 ‘uam
524 1990 612 2071 regie
637 1991 794 2053 societatis
817 1992 919 2072 quari,
949 2010 1010 2071 qua
1034 1990 1208 2053 Romanum

168 2060 306 2154 ‘tbadua
334 2098 395 2157 quo
409 2089 513 2138 nostra
536 2077 640 2137 omnia
654 2076 859 2154 continentur,
882 2077 1032 2138 violetur?
1067 2076 1135 2139 Nisi
1150 2078 1211 2139 hoe

165 2162 318 2225 ‘dubium
335 2162 425 2224 alicui
441 2174 499 2239 est,
514 2162 691 2224 bellandum
708 2161 853 2225 Romanis
868 2183 938 2224 cum
955 2161 1064 2225 Perseo
1079 2184 1155 2239 esse,
1167 2176 1210 2238 et,

166 2248 275 2329 ‘quod
291 2248 359 2309 vivo
374 2245 514 2331 Philippo
537 2260 760 2328 exspectatum,
782 2260 883 2310 morte
902 2247 968 2328 ejus
982 2248 1210 2329 interpellatum

163 2335 247 2409 ‘cst,
274 2334 307 2394 id
332 2345 403 2415 post
427 2345 556 2395 mortem
582 2332 715 2415 Philippi
742 2333 888 2396 buturum.
931 2332 1028 2410 Duos,
1054 2344 1090 2393 ut
1113 2334 1211 2411 scitis,

164 2417 301 2481 ‘hebuit
326 2420 404 2481 filios
434 2418 599 2501 Phiiippus,
628 2418 819 2481 Demetrium
850 2430 883 2480 et
912 2417 1032 2480 Persea.
1089 2416 1209 2481 Genese

165 2507 176 2537 ‘
194 2517 345 2582 materno,
370 2506 486 2583 virtute,
511 2506 646 2587 ingenio,
661 2504 762 2567 favore
786 2503 1005 2583 Macedonum,
1021 2506 1111 2586 longe
1131 2527 1208 2588 prce·

166 2590 273 2652 ‘stitit
286 2589 466 2653 Demetrius.
514 2586 576 2654 Sed
592 2592 664 2673 quia
679 2592 709 2653 in
726 2590 881 2654 Romanos
897 2592 960 2653 odii
976 2612 1102 2674 regnum
1116 2613 1208 2674 posu·

163 2680 173 2710 ‘
188 2687 256 2738 erat
265 2679 433 2760 premium,
445 2677 635 2740 Demetrium
651 2678 734 2740 nullo
744 2678 1053 2758 aiiocrimine,quam
1063 2678 1210 2740 Romane

164 2765 174 2797 ‘
190 2764 334 2826 amicitias
349 2765 440 2842 initae,
461 2761 597 2826 occidit:
633 2763 774 2842 ⁷Pers'ea,
789 2784 881 2845 quem
906 2765 1036 2846 populus
1052 2764 1209 2826 Romanus

165 2853 174 2882 ‘
190 2849 273 2931 prius
288 2871 396 2932 pennae,
411 2871 502 2932 quarn
529 2849 625 2932 regni,
641 2850 792 2912 heredem
809 2849 942 2911 futurum
964 2851 1091 2926 sciebat,
1106 2870 1210 2932 regem

164 2939 173 2969 ‘
189 2936 273 2998 fecit.
313 2934 422 3017 itaque
437 2936 509 3018 quid
525 2936 575 2997 hio
590 2948 660 3018 post
676 2947 803 2997 mortem
820 2937 915 3018 patris
929 2937 994 3017 egit
1009 2937 1102 3014 aliud,
1118 2956 1210 3018 quam

162 3021 302 3083 ‘bellum
327 3023 472 3104 paravit?
508 3021 672 3085 Bastarnas
696 3023 828 3104 primum
843 3023 883 3083 ad
900 3035 1045 3084 terrorem
1073 3021 1210 3084 omnibm

163 3107 239 3168 ‘⁸in
254 3105 442 3171 Dardaniam
458 3109 590 3170 inmisit:
625 3109 675 3193 qui
691 3109 715 3170 si
732 3109 837 3171 sedem
860 3127 928 3170 eam
944 3109 1124 3187 tenuissent,
1139 3128 1210 3189 gra·

197 3279 361 3338 testitum,
378 3297 404 3329 aa
421 3283 450 3328 iis
465 3283 503 3344 qui
522 3285 546 3329 in
564 3297 588 3329 eo
604 3279 672 3346 certi]
703 3281 772 3343 vuigo
787 3282 919 3339 exhibetur,
938 3294 963 3330 et
981 3283 1028 3330 duo
1049 3281 1086 3328 illa
1107 3281 1212 3329 membra

165 3345 215 3393 Hic
244 3343 372 3392 cantantes
397 3359 444 3392 nou
472 3358 519 3394 tam
548 3345 671 3394 honorifice
702 3347 743 3393 sibi
754 3345 1211 3409 mutuoretpondentia,quiregibusd1o·

164 3419 277 3457 tractatur
294 3425 307 3454 n
325 3407 429 3474 Poiybio,
444 3410 482 3472 qui
499 3425 552 3458 eum
571 3411 671 3458 traducit
701 3411 805 3458 mortun
892 3413 911 3457 ii
934 3412 1131 3466 concionantem
1154 3409 1212 3458 Livii

163 3487 272 3536 tanquam
283 3475 418 3536 proditorem
426 3475 522 3538 publicae
532 3475 671 3523 Achaeorum
703 3488 772 3522 manu
784 3473 839 3522 rint.

162 3539 283 3598 libertatis,
302 3551 327 3587 er
347 3539 458 3601 insignem
478 3539 528 3602 ejus
554 3540 670 3604 perfidiam
731 3538 852 3595 esuum,
870 3555 898 3586 nc
923 3539 1013 3603 legator]
1039 3539 1088 3588 Hic
1104 3555 1152 3588 aaa
1173 3555 1210 3588 rc·

162 3614 239 3660 nnat,
251 3603 331 3660 haar.
342 3606 383 3654 58.
702 3601 809 3652 seruntur
828 3603 878 3668 ipsa
894 3605 982 3653 decreti
1001 3605 1126 3661 verbasco
1145 3620 1211 3653 meos

195 3665 323 3715 'nimime
337 3669 488 3730 grauissimam
505 3671 609 3726 omnium,
628 3686 671 3716 non
702 3669 835 3732 explicatur.
875 3667 974 3728 Regibus
996 3669 1156 3725 Macedonum,
1175 3671 1210 3716 ia-

162 3735 242 3796 ogique
262 3731 362 3792 untur]
391 3732 504 3780 Emendat
527 3727 670 3782 Gronovius:
704 3733 761 3795 quir,
789 3733 1000 3795 Macedonibusque
1033 3734 1095 3796 ipsis,
1129 3734 1211 3781 finibus

164 3800 280 3844 amrinum
295 3805 316 3843 et
324 3797 474 3862 granum
489 3801 593 3856 omnium,
602 3813 673 3861 neque
704 3797 786 3846 nostris
805 3799 1002 3853 interdiceremus,
1010 3797 1033 3843 id
1049 3796 1135 3844 scilicet
1151 3813 1211 3860 pree·

163 3863 201 3924 agr·
222 3871 318 3909 marum.
356 3859 426 3908 onor
446 3862 580 3910 concinnius
596 3875 631 3912 est
647 3874 672 3912 et
704 3875 822 3920 caventes,
830 3879 860 3912 ιιι
871 3864 965 3925 legatos,
976 3877 1006 3909 ne
1016 3861 1168 3909 nuncios...

163 3927 236 3986 magis
248 3941 278 3974 ex
289 3925 354 3973 soiira
363 3926 470 3988 loquendi
481 3942 551 3976 more.
736 3926 748 3960 ⁶
768 3921 831 3974 Vim
840 3923 1113 3992 regiaerocietutirquerr]
1134 3925 1210 3986 Magis

196 3989 358 4052 totamque
372 3992 396 4037 id
414 3992 535 4054 decretum]
561 3990 615 4040 Hoc
637 3993 687 4040 velx
704 3991 805 4057 placeret
813 3993 915 4040 meietuti.

163 4053 279 4111 vitiatum,
295 4055 331 4102 uel
348 4069 466 4114 manuum,
485 4056 520 4103 uei
534 4058 672 4122 superfluum
735 4058 747 4094 ⁷
776 4055 863 4113 rm,
890 4071 954 4119 quem
975 4054 1070 4116 papulus
1099 4054 1212 4103 Ronanus

163 4131 211 4168 est.
246 4119 418 4170 ’anemonae
435 4121 547 4176 membro,
562 4137 603 4170 sua
622 4137 672 4170 ora·
701 4123 764 4183 prim
781 4121 859 4182 μακε]
879 4121 945 4186 lage
962 4119 998 4166 vel
1016 4135 1068 4167 eum
1087 4118 1212 4177 Gronorio,

164 4184 672 4304 ‘cn
703 4183 1212 4311 mumma

313 4283 320 4297 ·
632 4269 671 4302 ua:
1202 4268 1209 4295 .-

189 4329 225 4360 um
247 4329 316 4376 quum
336 4313 423 4378 regias
447 4267 592 4363 trimam
619 4316 671 4364 Mu·
703 4267 804 4362 ielcum
814 4312 1210 4376 Rubeuio,quetnbeiiiinpopuium
1230 4356 1233 4366 ,

164 4378 319 4440 caduniburquo
333 4381 392 4439 ipris,
395 4379 482 4439 finibus
488 4381 674 4438 interdixissemus,
705 4377 829 4427 Manum
836 4380 900 4438 priau
907 4393 970 4438 pene,
981 4393 1047 4440 quum
1056 4379 1128 4440 regni.

165 4452 300 4504 mannaque
325 4445 351 4490 id
375 4445 548 4494 decretum...
562 4446 598 4492 bie
622 4461 673 4493 corr·
737 4440 1049 4504 flammantium]
1066 4441 1211 4489 iiicrdmiri·

164 4507 292 4555 nonnum.
309 4507 355 4556 Sed
365 4509 403 4556 vix
414 4507 514 4556 dubitari
523 4521 608 4571 potest,
618 4510 673 4573 quin
705 4523 765 4563 mus,
779 4519 872 4555 autore
885 4507 1009 4562 Gremio,
1023 4505 1160 4569 perticulam
1176 4509 1211 4566 in,

162 4570 234 4621 torius
254 4571 325 4638 hujus
344 4573 437 4641 periodi
457 4584 579 4634 unctum,
604 4573 675 4638 qualis
706 4587 774 4636 quam
784 4570 892 4626 madonis
901 4572 989 4622 lerina
999 4569 1199 4636 nuspa-tutabat.
