<?xml version="1.0" encoding="UTF-8"?>
<!DOCTYPE html PUBLIC "-//W3C//DTD XHTML 1.0 Transitional//EN"
    "http://www.w3.org/TR/xhtml1/DTD/xhtml1-transitional.dtd">
<html xmlns="http://www.w3.org/1999/xhtml" xml:lang="en" lang="en">
 <head>
  <title>
</title>
<meta http-equiv="Content-Type" content="text/html;charset=utf-8" />
  <meta name='ocr-system' content='tesseract 3.04.00' />
  <meta name='ocr-capabilities' content='ocr_page ocr_carea ocr_par ocr_line ocrx_word'/>
</head>
<body>
  <div class='ocr_page' id='page_1' title='image "./tliviipatavinih02grongoog_0188.png"; bbox 0 0 3184 5225; ppageno 0'>
   <div class='ocr_carea' id='block_1_1' title="bbox 418 386 1039 451">
    <p class='ocr_par' dir='ltr' id='par_1_1' title="bbox 418 386 1039 451">
     <span class='ocr_line' id='line_1_1' title="bbox 418 386 1039 451; baseline 0.005 -9"><span class='ocrx_word' id='word_1_1' title='bbox 418 397 475 451; x_wconf 82' lang='lat'>180</span> <span class='ocrx_word' id='word_1_2' title='bbox 596 394 600 403; x_wconf 92' lang='grc'><strong><em>·</em></strong></span> <span class='ocrx_word' id='word_1_3' title='bbox 835 386 1039 447; x_wconf 77' lang='lat' dir='ltr'>T1T1L1v11</span> 
     </span>
    </p>
   </div>
   <div class='ocr_carea' id='block_1_2' title="bbox 250 536 1477 3200">
    <p class='ocr_par' dir='ltr' id='par_1_2' title="bbox 250 536 1477 3117">
     <span class='ocr_line' id='line_1_2' title="bbox 251 536 1473 626; baseline -0.003 -22"><span class='ocrx_word' id='word_1_4' title='bbox 251 552 392 605; x_wconf 64' lang='lat' dir='ltr'>umam.</span> <span class='ocrx_word' id='word_1_5' title='bbox 419 552 548 626; x_wconf 89' lang='lat' dir='ltr'>quatuor</span> <span class='ocrx_word' id='word_1_6' title='bbox 562 540 657 603; x_wconf 92' lang='lat' dir='ltr'>millia</span> <span class='ocrx_word' id='word_1_7' title='bbox 672 540 710 601; x_wconf 94' lang='lat' dir='ltr'>ab</span> <span class='ocrx_word' id='word_1_8' title='bbox 725 539 919 602; x_wconf 81' lang='lat' dir='ltr'><strong>Alexandrea</strong></span> <span class='ocrx_word' id='word_1_9' title='bbox 933 540 1032 617; x_wconf 84' lang='lat' dir='ltr'>abest,</span> <span class='ocrx_word' id='word_1_10' title='bbox 1055 538 1150 621; x_wconf 86' lang='lat' dir='ltr'>legati</span> <span class='ocrx_word' id='word_1_11' title='bbox 1173 536 1306 599; x_wconf 87' lang='lat' dir='ltr'>Romani</span> <span class='ocrx_word' id='word_1_12' title='bbox 1325 538 1473 600; x_wconf 89' lang='lat' dir='ltr'>obcurre-</span> 
     </span>
     <span class='ocr_line' id='line_1_3' title="bbox 252 618 1473 709; baseline -0.005 -18"><span class='ocrx_word' id='word_1_13' title='bbox 252 624 286 670; x_wconf 68' lang='grc' dir='ltr'>Ᾰ·</span> <span class='ocrx_word' id='word_1_14' title='bbox 296 618 325 667; x_wconf 77' lang='lat'>⁰·</span> <span class='ocrx_word' id='word_1_15' title='bbox 338 618 393 669; x_wconf 79' lang='lat'>¹⁶⁸·</span> <span class='ocrx_word' id='word_1_16' title='bbox 420 642 500 691; x_wconf 91' lang='lat' dir='ltr'>runt.</span> <span class='ocrx_word' id='word_1_17' title='bbox 515 648 591 709; x_wconf 88' lang='lat' dir='ltr'>quos</span> <span class='ocrx_word' id='word_1_18' title='bbox 605 646 698 709; x_wconf 91' lang='lat' dir='ltr'>quum</span> <span class='ocrx_word' id='word_1_19' title='bbox 713 626 906 689; x_wconf 82' lang='lat' dir='ltr'>advenientes</span> <span class='ocrx_word' id='word_1_20' title='bbox 924 625 1094 702; x_wconf 86' lang='lat' dir='ltr'>salutasset,</span> <span class='ocrx_word' id='word_1_21' title='bbox 1117 625 1316 707; x_wconf 82' lang='lat' dir='ltr'>dextramque</span> <span class='ocrx_word' id='word_1_22' title='bbox 1338 622 1473 706; x_wconf 91' lang='lat' dir='ltr'>Popillio</span> 
     </span>
     <span class='ocr_line' id='line_1_4' title="bbox 253 684 1477 798; baseline -0.004 -22"><span class='ocrx_word' id='word_1_23' title='bbox 253 684 389 798; x_wconf 53' lang='lat' dir='ltr'>ffiffl‘</span> <span class='ocrx_word' id='word_1_24' title='bbox 420 715 609 798; x_wconf 81' lang='lat' dir='ltr'>porrigeret3</span> <span class='ocrx_word' id='word_1_25' title='bbox 644 712 770 775; x_wconf 89' lang='lat' dir='ltr'>tabellas</span> <span class='ocrx_word' id='word_1_26' title='bbox 796 712 823 773; x_wconf 88' lang='lat' dir='ltr'>ei</span> <span class='ocrx_word' id='word_1_27' title='bbox 850 710 994 794; x_wconf 81' lang='lat' dir='ltr'>Popillius</span> <span class='ocrx_word' id='word_1_28' title='bbox 1019 711 1166 793; x_wconf 89' lang='lat' dir='ltr'>scriptum</span> <span class='ocrx_word' id='word_1_29' title='bbox 1191 711 1339 773; x_wconf 88' lang='lat' dir='ltr'>babentes</span> <span class='ocrx_word' id='word_1_30' title='bbox 1363 710 1477 787; x_wconf 82' lang='lat' dir='ltr'>tradit,</span> 
     </span>
     <span class='ocr_line' id='line_1_5' title="bbox 253 795 1470 882; baseline -0.007 -19"><span class='ocrx_word' id='word_1_31' title='bbox 253 812 405 877; x_wconf 68' lang='lat' dir='ltr'>leminea.</span> <span class='ocrx_word' id='word_1_32' title='bbox 423 812 514 881; x_wconf 89' lang='lat' dir='ltr'>atque</span> <span class='ocrx_word' id='word_1_33' title='bbox 527 800 663 861; x_wconf 90' lang='lat' dir='ltr'>omnium</span> <span class='ocrx_word' id='word_1_34' title='bbox 687 799 819 880; x_wconf 90' lang='lat' dir='ltr'>primum</span> <span class='ocrx_word' id='word_1_35' title='bbox 841 798 874 860; x_wconf 94' lang='lat' dir='ltr'>id</span> <span class='ocrx_word' id='word_1_36' title='bbox 895 800 995 879; x_wconf 90' lang='lat' dir='ltr'>legere</span> <span class='ocrx_word' id='word_1_37' title='bbox 1014 796 1123 878; x_wconf 84' lang='lat' dir='ltr'>jubet:</span> <span class='ocrx_word' id='word_1_38' title='bbox 1147 795 1296 882; x_wconf 79' lang='lat' dir='ltr'>“quibus</span> <span class='ocrx_word' id='word_1_39' title='bbox 1311 795 1470 877; x_wconf 79' lang='lat' dir='ltr'>perlectis,</span> 
     </span>
     <span class='ocr_line' id='line_1_6' title="bbox 422 881 1471 968; baseline -0.004 -21"><span class='ocrx_word' id='word_1_40' title='bbox 422 906 515 968; x_wconf 89' lang='lat' dir='ltr'>quum</span> <span class='ocrx_word' id='word_1_41' title='bbox 542 907 574 948; x_wconf 91' lang='lat' dir='ltr'>se</span> <span class='ocrx_word' id='word_1_42' title='bbox 600 884 872 963; x_wconf 87' lang='lat' dir='ltr'>consideratumm,</span> <span class='ocrx_word' id='word_1_43' title='bbox 895 884 1040 946; x_wconf 86' lang='lat' dir='ltr'>adhibitis</span> <span class='ocrx_word' id='word_1_44' title='bbox 1063 883 1180 959; x_wconf 86' lang='lat' dir='ltr'>amicis,</span> <span class='ocrx_word' id='word_1_45' title='bbox 1203 881 1279 963; x_wconf 88' lang='lat' dir='ltr'>qaid</span> <span class='ocrx_word' id='word_1_46' title='bbox 1293 881 1471 943; x_wconf 83' lang='lat' dir='ltr'>laciendum</span> 
     </span>
     <span class='ocr_line' id='line_1_7' title="bbox 255 963 1474 1053; baseline -0.001 -25"><span class='ocrx_word' id='word_1_47' title='bbox 255 963 367 1043; x_wconf 61' lang='lat' dir='ltr'>lfqiitttpe</span> <span class='ocrx_word' id='word_1_48' title='bbox 423 972 481 1033; x_wconf 82' lang='lat' dir='ltr'>sibi</span> <span class='ocrx_word' id='word_1_49' title='bbox 496 984 586 1049; x_wconf 88' lang='lat' dir='ltr'>esset,</span> <span class='ocrx_word' id='word_1_50' title='bbox 609 970 761 1048; x_wconf 82' lang='lat' dir='ltr'>dixisset3</span> <span class='ocrx_word' id='word_1_51' title='bbox 793 970 948 1053; x_wconf 76' lang='lat' dir='ltr'>Popillius,</span> <span class='ocrx_word' id='word_1_52' title='bbox 971 990 1027 1052; x_wconf 92' lang='lat' dir='ltr'>pro</span> <span class='ocrx_word' id='word_1_53' title='bbox 1050 981 1153 1031; x_wconf 86' lang='lat' dir='ltr'>cetera</span> <span class='ocrx_word' id='word_1_54' title='bbox 1175 967 1339 1050; x_wconf 73' lang='lat' dir='ltr'>asperitate</span> <span class='ocrx_word' id='word_1_55' title='bbox 1364 968 1474 1045; x_wconf 87' lang='lat' dir='ltr'>animi,</span> 
     </span>
     <span class='ocr_line' id='line_1_8' title="bbox 255 1045 1474 1146; baseline -0.003 -28"><span class='ocrx_word' id='word_1_56' title='bbox 255 1045 389 1146; x_wconf 50' lang='lat' dir='ltr'>mgb,</span> <span class='ocrx_word' id='word_1_57' title='bbox 422 1058 518 1139; x_wconf 85' lang='lat' dir='ltr'>virga,</span> <span class='ocrx_word' id='word_1_58' title='bbox 540 1078 630 1139; x_wconf 91' lang='lat' dir='ltr'>quam</span> <span class='ocrx_word' id='word_1_59' title='bbox 661 1058 692 1118; x_wconf 91' lang='lat' dir='ltr'>in</span> <span class='ocrx_word' id='word_1_60' title='bbox 721 1078 815 1119; x_wconf 90' lang='lat' dir='ltr'>manu</span> <span class='ocrx_word' id='word_1_61' title='bbox 838 1058 974 1137; x_wconf 83' lang='lat' dir='ltr'>gerebat,</span> <span class='ocrx_word' id='word_1_62' title='bbox 1005 1054 1241 1137; x_wconf 80' lang='lat' dir='ltr'>circumscripsit</span> <span class='ocrx_word' id='word_1_63' title='bbox 1265 1072 1388 1134; x_wconf 85' lang='lat' dir='ltr'>regem:</span> <span class='ocrx_word' id='word_1_64' title='bbox 1420 1073 1474 1131; x_wconf 88' lang='lat' dir='ltr'>ac,</span> 
     </span>
     <span class='ocr_line' id='line_1_9' title="bbox 254 1139 1474 1225; baseline -0.006 -17"><span class='ocrx_word' id='word_1_65' title='bbox 254 1172 340 1221; x_wconf 76' lang='lat' dir='ltr'>regem.</span> <span class='ocrx_word' id='word_1_66' title='bbox 423 1145 434 1178; x_wconf 88' lang='lat'>‘</span> <span class='ocrx_word' id='word_1_67' title='bbox 454 1142 632 1225; x_wconf 88' lang='lat' dir='ltr'>Priusquam</span> <span class='ocrx_word' id='word_1_68' title='bbox 648 1143 707 1203; x_wconf 93' lang='lat' dir='ltr'>hoc</span> <span class='ocrx_word' id='word_1_69' title='bbox 723 1141 835 1204; x_wconf 89' lang='lat' dir='ltr'>circulo</span> <span class='ocrx_word' id='word_1_70' title='bbox 845 1139 1002 1218; x_wconf 78' lang='lat' dir='ltr'>,excedas,&#39;</span> <span class='ocrx_word' id='word_1_71' title='bbox 1024 1141 1133 1221; x_wconf 89' lang='lat' dir='ltr'>inquit,</span> <span class='ocrx_word' id='word_1_72' title='bbox 1148 1140 1263 1201; x_wconf 88' lang='lat' dir='ltr'>‘redde</span> <span class='ocrx_word' id='word_1_73' title='bbox 1278 1159 1474 1223; x_wconf 85' lang='lat' dir='ltr'>responsum,</span> 
     </span>
     <span class='ocr_line' id='line_1_10' title="bbox 421 1226 1472 1309; baseline -0.005 -18"><span class='ocrx_word' id='word_1_74' title='bbox 421 1230 434 1263; x_wconf 88' lang='lat'>‘</span> <span class='ocrx_word' id='word_1_75' title='bbox 455 1229 572 1298; x_wconf 87' lang='lat' dir='ltr'>senatui</span> <span class='ocrx_word' id='word_1_76' title='bbox 589 1227 670 1309; x_wconf 90' lang='lat' dir='ltr'>quod</span> <span class='ocrx_word' id='word_1_77' title='bbox 685 1226 833 1290; x_wconf 66' lang='lat' dir='ltr'>reseram!</span> <span class='ocrx_word' id='word_1_78' title='bbox 861 1227 1100 1309; x_wconf 79' lang='lat' dir='ltr'>obstupefactus</span> <span class='ocrx_word' id='word_1_79' title='bbox 1114 1239 1178 1289; x_wconf 90' lang='lat' dir='ltr'>tarn</span> <span class='ocrx_word' id='word_1_80' title='bbox 1191 1226 1325 1287; x_wconf 86' lang='lat' dir='ltr'>violento</span> <span class='ocrx_word' id='word_1_81' title='bbox 1340 1226 1472 1308; x_wconf 89' lang='lat' dir='ltr'>imperio</span> 
     </span>
     <span class='ocr_line' id='line_1_11' title="bbox 421 1312 1471 1397; baseline -0.001 -22"><span class='ocrx_word' id='word_1_82' title='bbox 421 1334 585 1397; x_wconf 88' lang='lat' dir='ltr'>parumper</span> <span class='ocrx_word' id='word_1_83' title='bbox 599 1334 691 1395; x_wconf 89' lang='lat' dir='ltr'>quam</span> <span class='ocrx_word' id='word_1_84' title='bbox 709 1314 889 1390; x_wconf 79' lang='lat' dir='ltr'>haesitasset,</span> <span class='ocrx_word' id='word_1_85' title='bbox 912 1312 1083 1391; x_wconf 66' lang='lat' dir='ltr'>‘Faciam&#39;</span> <span class='ocrx_word' id='word_1_86' title='bbox 1108 1314 1218 1394; x_wconf 91' lang='lat' dir='ltr'>inquit,</span> <span class='ocrx_word' id='word_1_87' title='bbox 1240 1312 1349 1394; x_wconf 91' lang='lat' dir='ltr'>‘quod</span> <span class='ocrx_word' id='word_1_88' title='bbox 1363 1324 1471 1374; x_wconf 85' lang='lat' dir='ltr'>censet</span> 
     </span>
     <span class='ocr_line' id='line_1_12' title="bbox 420 1396 1469 1481; baseline -0.003 -19"><span class='ocrx_word' id='word_1_89' title='bbox 420 1397 564 1463; x_wconf 64' lang='lat' dir='ltr'>senatus?</span> <span class='ocrx_word' id='word_1_90' title='bbox 608 1396 688 1461; x_wconf 78' lang='lat' dir='ltr'>&#39;l&#39;um</span> <span class='ocrx_word' id='word_1_91' title='bbox 717 1400 856 1461; x_wconf 69' lang='lat' dir='ltr'>demum*</span> <span class='ocrx_word' id='word_1_92' title='bbox 869 1398 1012 1481; x_wconf 86' lang='lat' dir='ltr'>Popillius</span> <span class='ocrx_word' id='word_1_93' title='bbox 1039 1400 1178 1460; x_wconf 81' lang='lat' dir='ltr'>dextram</span> <span class='ocrx_word' id='word_1_94' title='bbox 1204 1398 1279 1478; x_wconf 89' lang='lat' dir='ltr'>regi,</span> <span class='ocrx_word' id='word_1_95' title='bbox 1310 1410 1469 1479; x_wconf 86' lang='lat' dir='ltr'>tamquam</span> 
     </span>
     <span class='ocr_line' id='line_1_13' title="bbox 419 1483 1467 1567; baseline -0.003 -19"><span class='ocrx_word' id='word_1_96' title='bbox 419 1487 503 1549; x_wconf 88' lang='lat' dir='ltr'>socio</span> <span class='ocrx_word' id='word_1_97' title='bbox 519 1498 610 1566; x_wconf 89' lang='lat' dir='ltr'>atque</span> <span class='ocrx_word' id='word_1_98' title='bbox 625 1486 735 1563; x_wconf 89' lang='lat' dir='ltr'>amico,</span> <span class='ocrx_word' id='word_1_99' title='bbox 757 1485 903 1567; x_wconf 81' lang='lat' dir='ltr'>porrexit.</span> <span class='ocrx_word' id='word_1_100' title='bbox 946 1483 1006 1546; x_wconf 92' lang='lat' dir='ltr'>Die</span> <span class='ocrx_word' id='word_1_101' title='bbox 1022 1485 1133 1547; x_wconf 87' lang='lat' dir='ltr'>deinde</span> <span class='ocrx_word' id='word_1_102' title='bbox 1147 1485 1235 1547; x_wconf 84' lang='lat' dir='ltr'>finita</span> <span class='ocrx_word' id='word_1_103' title='bbox 1248 1503 1342 1565; x_wconf 90' lang='lat' dir='ltr'>quum</span> <span class='ocrx_word' id='word_1_104' title='bbox 1359 1504 1467 1545; x_wconf 78' lang='lat' dir='ltr'>exces-</span> 
     </span>
     <span class='ocr_line' id='line_1_14' title="bbox 419 1568 1469 1656; baseline -0.001 -23"><span class='ocrx_word' id='word_1_105' title='bbox 419 1572 508 1633; x_wconf 88' lang='lat' dir='ltr'>sisset</span> <span class='ocrx_word' id='word_1_106' title='bbox 522 1568 659 1656; x_wconf 87' lang='lat' dir='ltr'>AEgypto</span> <span class='ocrx_word' id='word_1_107' title='bbox 674 1571 857 1650; x_wconf 86' lang='lat' dir='ltr'>Antiochus,</span> <span class='ocrx_word' id='word_1_108' title='bbox 875 1571 980 1653; x_wconf 90' lang='lat' dir='ltr'>legati,</span> <span class='ocrx_word' id='word_1_109' title='bbox 996 1571 1161 1633; x_wconf 89' lang='lat' dir='ltr'>concordia</span> <span class='ocrx_word' id='word_1_110' title='bbox 1174 1571 1268 1632; x_wconf 90' lang='lat' dir='ltr'>etiam</span> <span class='ocrx_word' id='word_1_111' title='bbox 1283 1571 1469 1633; x_wconf 83' lang='lat' dir='ltr'>auctoritate</span> 
     </span>
     <span class='ocr_line' id='line_1_15' title="bbox 419 1656 1471 1739; baseline 0 -20"><span class='ocrx_word' id='word_1_112' title='bbox 419 1678 474 1719; x_wconf 88' lang='lat' dir='ltr'>sua</span> <span class='ocrx_word' id='word_1_113' title='bbox 501 1658 581 1719; x_wconf 89' lang='lat' dir='ltr'>inter</span> <span class='ocrx_word' id='word_1_114' title='bbox 607 1657 724 1719; x_wconf 89' lang='lat' dir='ltr'>sratres.</span> <span class='ocrx_word' id='word_1_115' title='bbox 739 1656 870 1737; x_wconf 88' lang='lat' dir='ltr'>firmata,</span> <span class='ocrx_word' id='word_1_116' title='bbox 895 1661 922 1705; x_wconf 89' lang='lat'>⁴7</span> <span class='ocrx_word' id='word_1_117' title='bbox 933 1657 1013 1719; x_wconf 77' lang='lat' dir='ltr'>inter</span> <span class='ocrx_word' id='word_1_118' title='bbox 1038 1678 1115 1739; x_wconf 92' lang='lat' dir='ltr'>quos</span> <span class='ocrx_word' id='word_1_119' title='bbox 1133 1657 1257 1731; x_wconf 71' lang='lat' dir='ltr'>vixdum</span> <span class='ocrx_word' id='word_1_120' title='bbox 1273 1668 1471 1735; x_wconf 85' lang='lat' dir='ltr'>corrvcnerat,</span> 
     </span>
     <span class='ocr_line' id='line_1_16' title="bbox 417 1742 1471 1827; baseline 0.001 -24"><span class='ocrx_word' id='word_1_121' title='bbox 417 1742 508 1827; x_wconf 88' lang='lat' dir='ltr'>pars¹</span> <span class='ocrx_word' id='word_1_122' title='bbox 534 1742 668 1827; x_wconf 91' lang='lat' dir='ltr'>Cyprum</span> <span class='ocrx_word' id='word_1_123' title='bbox 691 1744 856 1825; x_wconf 86' lang='lat' dir='ltr'>navigant:</span> <span class='ocrx_word' id='word_1_124' title='bbox 891 1755 924 1805; x_wconf 89' lang='lat' dir='ltr'>et</span> <span class='ocrx_word' id='word_1_125' title='bbox 945 1744 1028 1820; x_wconf 92' lang='lat' dir='ltr'>inde,</span> <span class='ocrx_word' id='word_1_126' title='bbox 1050 1763 1116 1824; x_wconf 85' lang='lat' dir='ltr'>quae</span> <span class='ocrx_word' id='word_1_127' title='bbox 1135 1742 1202 1824; x_wconf 86' lang='lat' dir='ltr'>jam</span> <span class='ocrx_word' id='word_1_128' title='bbox 1225 1743 1340 1805; x_wconf 83' lang='lat' dir='ltr'>vicerat</span> <span class='ocrx_word' id='word_1_129' title='bbox 1359 1743 1471 1824; x_wconf 88' lang='lat' dir='ltr'>proelio</span> 
     </span>
     <span class='ocr_line' id='line_1_17' title="bbox 418 1826 1468 1913; baseline -0.001 -22"><span class='ocrx_word' id='word_1_130' title='bbox 418 1826 583 1913; x_wconf 85' lang='lat' dir='ltr'>AEgyptias</span> <span class='ocrx_word' id='word_1_131' title='bbox 598 1850 699 1908; x_wconf 84' lang='lat' dir='ltr'>naves,</span> <span class='ocrx_word' id='word_1_132' title='bbox 721 1830 851 1891; x_wconf 85' lang='lat' dir='ltr'>classem</span> <span class='ocrx_word' id='word_1_133' title='bbox 870 1828 1017 1891; x_wconf 84' lang='lat' dir='ltr'>Antiochi</span> <span class='ocrx_word' id='word_1_134' title='bbox 1042 1829 1210 1891; x_wconf 91' lang='lat' dir='ltr'>dimittunt.</span> <span class='ocrx_word' id='word_1_135' title='bbox 1253 1828 1347 1891; x_wconf 88' lang='lat' dir='ltr'>Clara</span> <span class='ocrx_word' id='word_1_136' title='bbox 1360 1850 1398 1890; x_wconf 91' lang='lat' dir='ltr'>ea</span> <span class='ocrx_word' id='word_1_137' title='bbox 1411 1849 1468 1911; x_wconf 87' lang='lat' dir='ltr'>per</span> 
     </span>
     <span class='ocr_line' id='line_1_18' title="bbox 420 1914 1470 1997; baseline 0.002 -22"><span class='ocrx_word' id='word_1_138' title='bbox 420 1926 525 1997; x_wconf 84' lang='lat' dir='ltr'>gentes</span> <span class='ocrx_word' id='word_1_139' title='bbox 556 1915 669 1997; x_wconf 89' lang='lat' dir='ltr'>legatio</span> <span class='ocrx_word' id='word_1_140' title='bbox 707 1916 774 1993; x_wconf 82' lang='lat' dir='ltr'>fuit,</span> <span class='ocrx_word' id='word_1_141' title='bbox 811 1916 892 1996; x_wconf 92' lang='lat' dir='ltr'>quod</span> <span class='ocrx_word' id='word_1_142' title='bbox 922 1914 1006 1976; x_wconf 87' lang='lat' dir='ltr'>haud</span> <span class='ocrx_word' id='word_1_143' title='bbox 1036 1915 1126 1975; x_wconf 92' lang='lat' dir='ltr'>dubie</span> <span class='ocrx_word' id='word_1_144' title='bbox 1156 1916 1282 1977; x_wconf 88' lang='lat' dir='ltr'>ademta</span> <span class='ocrx_word' id='word_1_145' title='bbox 1311 1916 1470 1977; x_wconf 86' lang='lat' dir='ltr'>Antiocho</span> 
     </span>
     <span class='ocr_line' id='line_1_19' title="bbox 418 1998 1467 2085; baseline 0.003 -25"><span class='ocrx_word' id='word_1_146' title='bbox 418 1998 572 2084; x_wconf 89' lang='lat' dir='ltr'>AEgyptus</span> <span class='ocrx_word' id='word_1_147' title='bbox 597 2002 720 2064; x_wconf 88' lang='lat' dir='ltr'>habenti</span> <span class='ocrx_word' id='word_1_148' title='bbox 742 2000 820 2083; x_wconf 88' lang='lat' dir='ltr'>jam,</span> <span class='ocrx_word' id='word_1_149' title='bbox 843 2000 1057 2083; x_wconf 87' lang='lat' dir='ltr'>redditumque</span> <span class='ocrx_word' id='word_1_150' title='bbox 1081 2002 1213 2083; x_wconf 91' lang='lat' dir='ltr'>patrium</span> <span class='ocrx_word' id='word_1_151' title='bbox 1234 2022 1360 2083; x_wconf 86' lang='lat' dir='ltr'>regnum</span> <span class='ocrx_word' id='word_1_152' title='bbox 1378 2002 1467 2085; x_wconf 87' lang='lat' dir='ltr'>stirpi</span> 
     </span>
     <span class='ocr_line' id='line_1_20' title="bbox 251 2083 1470 2170; baseline 0.012 -35"><span class='ocrx_word' id='word_1_153' title='bbox 251 2087 335 2139; x_wconf 73' lang='lat' dir='ltr'>Licinii</span> <span class='ocrx_word' id='word_1_154' title='bbox 346 2090 400 2141; x_wconf 84' lang='lat' dir='ltr'>cor.</span> <span class='ocrx_word' id='word_1_155' title='bbox 419 2083 573 2149; x_wconf 85' lang='lat' dir='ltr'>Ptolemaei</span> <span class='ocrx_word' id='word_1_156' title='bbox 589 2087 698 2149; x_wconf 72' lang='lat' dir='ltr'>dierat.</span> <span class='ocrx_word' id='word_1_157' title='bbox 743 2086 910 2148; x_wconf 88' lang='lat' dir='ltr'>Consulum</span> <span class='ocrx_word' id='word_1_158' title='bbox 926 2086 991 2170; x_wconf 87' lang='lat' dir='ltr'>ejus</span> <span class='ocrx_word' id='word_1_159' title='bbox 1015 2088 1098 2165; x_wconf 90' lang='lat' dir='ltr'>anni,</span> <span class='ocrx_word' id='word_1_160' title='bbox 1122 2088 1202 2149; x_wconf 90' lang='lat' dir='ltr'>sicut</span> <span class='ocrx_word' id='word_1_161' title='bbox 1224 2089 1346 2149; x_wconf 87' lang='lat' dir='ltr'>alterius</span> <span class='ocrx_word' id='word_1_162' title='bbox 1366 2088 1470 2150; x_wconf 86' lang='lat' dir='ltr'>clarus</span> 
     </span>
     <span class='ocr_line' id='line_1_21' title="bbox 250 2166 1467 2257; baseline 0.002 -24"><span class='ocrx_word' id='word_1_163' title='bbox 250 2166 379 2221; x_wconf 46' lang='grc' dir='ltr'>ΜΕΝ·</span> <span class='ocrx_word' id='word_1_164' title='bbox 420 2172 595 2234; x_wconf 88' lang='lat' dir='ltr'>consulatus</span> <span class='ocrx_word' id='word_1_165' title='bbox 611 2174 721 2255; x_wconf 87' lang='lat' dir='ltr'>insigni</span> <span class='ocrx_word' id='word_1_166' title='bbox 748 2173 886 2251; x_wconf 85' lang='lat' dir='ltr'>victoria,</span> <span class='ocrx_word' id='word_1_167' title='bbox 909 2174 953 2235; x_wconf 89' lang='lat' dir='ltr'>ita</span> <span class='ocrx_word' id='word_1_168' title='bbox 976 2174 1099 2236; x_wconf 87' lang='lat' dir='ltr'>alterius</span> <span class='ocrx_word' id='word_1_169' title='bbox 1125 2176 1254 2235; x_wconf 90' lang='lat' dir='ltr'>obscura</span> <span class='ocrx_word' id='word_1_170' title='bbox 1279 2175 1371 2253; x_wconf 85' lang='lat' dir='ltr'>lama,</span> <span class='ocrx_word' id='word_1_171' title='bbox 1393 2175 1467 2257; x_wconf 91' lang='lat' dir='ltr'>quia</span> 
     </span>
     <span class='ocr_line' id='line_1_22' title="bbox 419 2258 1466 2342; baseline 0.003 -23"><span class='ocrx_word' id='word_1_172' title='bbox 419 2258 580 2321; x_wconf 87' lang='lat' dir='ltr'>materiam</span> <span class='ocrx_word' id='word_1_173' title='bbox 604 2280 651 2321; x_wconf 89' lang='lat' dir='ltr'>res</span> <span class='ocrx_word' id='word_1_174' title='bbox 674 2259 801 2341; x_wconf 89' lang='lat' dir='ltr'>gerendi</span> <span class='ocrx_word' id='word_1_175' title='bbox 825 2280 887 2321; x_wconf 92' lang='lat' dir='ltr'>nou</span> <span class='ocrx_word' id='word_1_176' title='bbox 912 2260 1029 2321; x_wconf 90' lang='lat' dir='ltr'>habuit.</span> <span class='ocrx_word' id='word_1_177' title='bbox 1071 2259 1143 2322; x_wconf 85' lang='lat' dir='ltr'>Jam</span> <span class='ocrx_word' id='word_1_178' title='bbox 1163 2262 1296 2342; x_wconf 91' lang='lat' dir='ltr'>primum</span> <span class='ocrx_word' id='word_1_179' title='bbox 1311 2281 1404 2341; x_wconf 91' lang='lat' dir='ltr'>quum</span> <span class='ocrx_word' id='word_1_180' title='bbox 1419 2260 1466 2322; x_wconf 90' lang='lat' dir='ltr'>le·-</span> 
     </span>
     <span class='ocr_line' id='line_1_23' title="bbox 418 2344 1467 2429; baseline 0.004 -24"><span class='ocrx_word' id='word_1_181' title='bbox 418 2345 558 2426; x_wconf 86' lang='lat' dir='ltr'>gionibus</span> <span class='ocrx_word' id='word_1_182' title='bbox 573 2344 613 2406; x_wconf 93' lang='lat' dir='ltr'>ad</span> <span class='ocrx_word' id='word_1_183' title='bbox 627 2345 870 2408; x_wconf 88' lang='lat' dir='ltr'>conveniendum</span> <span class='ocrx_word' id='word_1_184' title='bbox 885 2345 966 2407; x_wconf 89' lang='lat' dir='ltr'>diem</span> <span class='ocrx_word' id='word_1_185' title='bbox 982 2346 1071 2422; x_wconf 87' lang='lat' dir='ltr'>dixit,</span> <span class='ocrx_word' id='word_1_186' title='bbox 1093 2368 1154 2409; x_wconf 91' lang='lat' dir='ltr'>uon</span> <span class='ocrx_word' id='word_1_187' title='bbox 1170 2348 1326 2429; x_wconf 87' lang='lat' dir='ltr'>auspicato</span> <span class='ocrx_word' id='word_1_188' title='bbox 1349 2349 1377 2385; x_wconf 85' lang='lat'>⁴⁸</span> <span class='ocrx_word' id='word_1_189' title='bbox 1386 2362 1467 2409; x_wconf 90' lang='lat' dir='ltr'>tern-</span> 
     </span>
     <span class='ocr_line' id='line_1_24' title="bbox 419 2430 1467 2515; baseline 0.006 -26"><span class='ocrx_word' id='word_1_190' title='bbox 419 2430 504 2511; x_wconf 94' lang='lat' dir='ltr'>plum</span> <span class='ocrx_word' id='word_1_191' title='bbox 520 2431 653 2495; x_wconf 87' lang='lat' dir='ltr'>intravit.</span> <span class='ocrx_word' id='word_1_192' title='bbox 667 2431 740 2493; x_wconf 89' lang='lat' dir='ltr'>vitio</span> <span class='ocrx_word' id='word_1_193' title='bbox 756 2432 838 2493; x_wconf 89' lang='lat' dir='ltr'>diem</span> <span class='ocrx_word' id='word_1_194' title='bbox 854 2432 969 2493; x_wconf 82' lang='lat' dir='ltr'>dictam</span> <span class='ocrx_word' id='word_1_195' title='bbox 982 2453 1047 2493; x_wconf 89' lang='lat' dir='ltr'>esse</span> <span class='ocrx_word' id='word_1_196' title='bbox 1072 2452 1210 2513; x_wconf 86' lang='lat' dir='ltr'>augures,</span> <span class='ocrx_word' id='word_1_197' title='bbox 1231 2452 1325 2515; x_wconf 89' lang='lat' dir='ltr'>quum</span> <span class='ocrx_word' id='word_1_198' title='bbox 1350 2434 1390 2495; x_wconf 89' lang='lat' dir='ltr'>ad</span> <span class='ocrx_word' id='word_1_199' title='bbox 1413 2454 1467 2495; x_wconf 89' lang='lat' dir='ltr'>eos</span> 
     </span>
     <span class='ocr_line' id='line_1_25' title="bbox 419 2514 1469 2593; baseline 0.006 -18"><span class='ocrx_word' id='word_1_200' title='bbox 419 2514 549 2577; x_wconf 89' lang='lat' dir='ltr'>relatum</span> <span class='ocrx_word' id='word_1_201' title='bbox 565 2528 621 2593; x_wconf 85' lang='lat' dir='ltr'>est,</span> <span class='ocrx_word' id='word_1_202' title='bbox 637 2516 841 2579; x_wconf 87' lang='lat' dir='ltr'>decreverunt.</span> <span class='ocrx_word' id='word_1_203' title='bbox 879 2516 1034 2580; x_wconf 79' lang='lat' dir='ltr'>Proiectus</span> <span class='ocrx_word' id='word_1_204' title='bbox 1049 2517 1080 2579; x_wconf 92' lang='lat' dir='ltr'>in</span> <span class='ocrx_word' id='word_1_205' title='bbox 1096 2516 1228 2580; x_wconf 88' lang='lat' dir='ltr'>Galliam</span> <span class='ocrx_word' id='word_1_206' title='bbox 1244 2520 1326 2581; x_wconf 88' lang='lat' dir='ltr'>circa</span> <span class='ocrx_word' id='word_1_207' title='bbox 1339 2518 1469 2581; x_wconf 87' lang='lat' dir='ltr'>Macros</span> 
     </span>
     <span class='ocr_line' id='line_1_26' title="bbox 419 2602 1472 2688; baseline 0.006 -27"><span class='ocrx_word' id='word_1_208' title='bbox 419 2621 544 2682; x_wconf 90' lang='lat' dir='ltr'>campos</span> <span class='ocrx_word' id='word_1_209' title='bbox 560 2602 600 2664; x_wconf 92' lang='lat' dir='ltr'>ad</span> <span class='ocrx_word' id='word_1_210' title='bbox 623 2619 743 2666; x_wconf 88' lang='lat' dir='ltr'>montes</span> <span class='ocrx_word' id='word_1_211' title='bbox 769 2602 948 2666; x_wconf 89' lang='lat' dir='ltr'>Siciminam</span> <span class='ocrx_word' id='word_1_212' title='bbox 973 2619 1006 2668; x_wconf 90' lang='lat' dir='ltr'>et</span> <span class='ocrx_word' id='word_1_213' title='bbox 1031 2602 1178 2688; x_wconf 90' lang='lat' dir='ltr'>Papinum</span> <span class='ocrx_word' id='word_1_214' title='bbox 1205 2608 1316 2668; x_wconf 87' lang='lat' dir='ltr'>stativa</span> <span class='ocrx_word' id='word_1_215' title='bbox 1341 2607 1472 2669; x_wconf 83' lang='lat' dir='ltr'>habuit:</span> 
     </span>
     <span class='ocr_line' id='line_1_27' title="bbox 356 2685 1469 2755; baseline 0.006 -7"><span class='ocrx_word' id='word_1_216' title='bbox 356 2717 361 2724; x_wconf 61' lang='lat'>¹</span> <span class='ocrx_word' id='word_1_217' title='bbox 418 2685 529 2750; x_wconf 87' lang='lat' dir='ltr'>deinde</span> <span class='ocrx_word' id='word_1_218' title='bbox 544 2689 626 2750; x_wconf 88' lang='lat' dir='ltr'>circa</span> <span class='ocrx_word' id='word_1_219' title='bbox 640 2690 747 2750; x_wconf 89' lang='lat' dir='ltr'>eadem</span> <span class='ocrx_word' id='word_1_220' title='bbox 762 2690 833 2752; x_wconf 92' lang='lat' dir='ltr'>loca</span> <span class='ocrx_word' id='word_1_221' title='bbox 847 2711 916 2752; x_wconf 91' lang='lat' dir='ltr'>cum</span> <span class='ocrx_word' id='word_1_222' title='bbox 934 2693 1023 2753; x_wconf 87' lang='lat' dir='ltr'>sociis</span> <span class='ocrx_word' id='word_1_223' title='bbox 1043 2693 1176 2754; x_wconf 91' lang='lat' dir='ltr'>nominis</span> <span class='ocrx_word' id='word_1_224' title='bbox 1199 2690 1301 2754; x_wconf 81' lang='lat' dir='ltr'>Latini</span> <span class='ocrx_word' id='word_1_225' title='bbox 1323 2695 1469 2755; x_wconf 87' lang='lat' dir='ltr'>hiberna·</span> 
     </span>
     <span class='ocr_line' id='line_1_28' title="bbox 417 2771 1469 2858; baseline 0.006 -24"><span class='ocrx_word' id='word_1_226' title='bbox 417 2771 490 2834; x_wconf 88' lang='lat' dir='ltr'>bat:</span> <span class='ocrx_word' id='word_1_227' title='bbox 516 2773 650 2854; x_wconf 88' lang='lat' dir='ltr'>legiones</span> <span class='ocrx_word' id='word_1_228' title='bbox 664 2773 821 2853; x_wconf 79' lang='lat' dir='ltr'>Romana,</span> <span class='ocrx_word' id='word_1_229' title='bbox 837 2777 917 2858; x_wconf 90' lang='lat' dir='ltr'>quod</span> <span class='ocrx_word' id='word_1_230' title='bbox 940 2777 1015 2839; x_wconf 84' lang='lat' dir='ltr'>vitio</span> <span class='ocrx_word' id='word_1_231' title='bbox 1038 2778 1103 2839; x_wconf 85' lang='lat' dir='ltr'>dics</span> <span class='ocrx_word' id='word_1_232' title='bbox 1125 2780 1270 2840; x_wconf 84' lang='lat' dir='ltr'>exercitui</span> <span class='ocrx_word' id='word_1_233' title='bbox 1294 2780 1333 2841; x_wconf 92' lang='lat' dir='ltr'>ad</span> <span class='ocrx_word' id='word_1_234' title='bbox 1354 2801 1469 2840; x_wconf 83' lang='lat' dir='ltr'>conre-</span> 
     </span>
     <span class='ocr_line' id='line_1_29' title="bbox 410 2857 1470 2947; baseline 0.008 -31"><span class='ocrx_word' id='word_1_235' title='bbox 410 2857 564 2940; x_wconf 73' lang='lat' dir='ltr'>piendum</span> <span class='ocrx_word' id='word_1_236' title='bbox 586 2859 670 2922; x_wconf 92' lang='lat' dir='ltr'>dicta</span> <span class='ocrx_word' id='word_1_237' title='bbox 685 2873 761 2939; x_wconf 90' lang='lat' dir='ltr'>erat,</span> <span class='ocrx_word' id='word_1_238' title='bbox 776 2861 882 2924; x_wconf 78' lang='lat' dir='ltr'>Roma</span> <span class='ocrx_word' id='word_1_239' title='bbox 903 2874 1088 2926; x_wconf 87' lang='lat' dir='ltr'>manserant.</span> <span class='ocrx_word' id='word_1_240' title='bbox 1131 2861 1172 2925; x_wconf 89' lang='lat' dir='ltr'>Et</span> <span class='ocrx_word' id='word_1_241' title='bbox 1190 2879 1340 2947; x_wconf 80' lang='lat' dir='ltr'>praetores,</span> <span class='ocrx_word' id='word_1_242' title='bbox 1356 2877 1470 2945; x_wconf 72' lang='lat' dir='ltr'>praeter</span> 
     </span>
     <span class='ocr_line' id='line_1_30' title="bbox 419 2941 1470 3031; baseline 0.009 -29"><span class='ocrx_word' id='word_1_243' title='bbox 419 2941 456 3002; x_wconf 89' lang='lat' dir='ltr'>C.</span> <span class='ocrx_word' id='word_1_244' title='bbox 482 2941 635 3025; x_wconf 87' lang='lat' dir='ltr'>Papirium</span> <span class='ocrx_word' id='word_1_245' title='bbox 655 2945 839 3026; x_wconf 90' lang='lat' dir='ltr'>Carbonem,</span> <span class='ocrx_word' id='word_1_246' title='bbox 856 2950 904 3010; x_wconf 90' lang='lat' dir='ltr'>cui</span> <span class='ocrx_word' id='word_1_247' title='bbox 920 2946 1062 3010; x_wconf 90' lang='lat' dir='ltr'>Sardinia</span> <span class='ocrx_word' id='word_1_248' title='bbox 1075 2963 1224 3027; x_wconf 88' lang='lat' dir='ltr'>evenerat,</span> <span class='ocrx_word' id='word_1_249' title='bbox 1246 2951 1275 3011; x_wconf 90' lang='lat' dir='ltr'>in</span> <span class='ocrx_word' id='word_1_250' title='bbox 1291 2951 1470 3031; x_wconf 84' lang='lat' dir='ltr'>provincias</span> 
     </span>
     <span class='ocr_line' id='line_1_31' title="bbox 418 3029 1466 3117; baseline 0.008 -28"><span class='ocrx_word' id='word_1_251' title='bbox 418 3029 491 3090; x_wconf 85' lang='lat' dir='ltr'>iere.</span> <span class='ocrx_word' id='word_1_252' title='bbox 514 3050 583 3091; x_wconf 82' lang='lat' dir='ltr'>euni</span> <span class='ocrx_word' id='word_1_253' title='bbox 598 3029 648 3111; x_wconf 88' lang='lat' dir='ltr'>jus</span> <span class='ocrx_word' id='word_1_254' title='bbox 665 3032 765 3094; x_wconf 83' lang='lat' dir='ltr'>dicere.</span> <span class='ocrx_word' id='word_1_255' title='bbox 789 3032 894 3095; x_wconf 86' lang='lat' dir='ltr'>Romae</span> <span class='ocrx_word' id='word_1_256' title='bbox 912 3034 951 3114; x_wconf 78' lang='lat'>(⁴⁹</span> <span class='ocrx_word' id='word_1_257' title='bbox 964 3055 1035 3095; x_wconf 90' lang='lat' dir='ltr'>nam</span> <span class='ocrx_word' id='word_1_258' title='bbox 1051 3057 1120 3096; x_wconf 91' lang='lat' dir='ltr'>eam</span> <span class='ocrx_word' id='word_1_259' title='bbox 1136 3057 1255 3117; x_wconf 93' lang='lat' dir='ltr'>quoque</span> <span class='ocrx_word' id='word_1_260' title='bbox 1275 3047 1390 3097; x_wconf 89' lang='lat' dir='ltr'>sortem</span> <span class='ocrx_word' id='word_1_261' title='bbox 1404 3037 1466 3097; x_wconf 90' lang='lat' dir='ltr'>ha·</span> 
     </span>
    </p>

    <p class='ocr_par' dir='ltr' id='par_1_3' title="bbox 417 3113 1271 3200">
     <span class='ocr_line' id='line_1_32' title="bbox 417 3113 1271 3200; baseline 0.012 -26"><span class='ocrx_word' id='word_1_262' title='bbox 417 3113 522 3192; x_wconf 85' lang='lat' dir='ltr'>bebnt)</span> <span class='ocrx_word' id='word_1_263' title='bbox 540 3116 620 3177; x_wconf 87' lang='lat' dir='ltr'>inter</span> <span class='ocrx_word' id='word_1_264' title='bbox 635 3117 714 3178; x_wconf 90' lang='lat' dir='ltr'>cives</span> <span class='ocrx_word' id='word_1_265' title='bbox 728 3131 760 3179; x_wconf 89' lang='lat' dir='ltr'>et</span> <span class='ocrx_word' id='word_1_266' title='bbox 773 3121 948 3200; x_wconf 89' lang='lat' dir='ltr'>peregrinos</span> <span class='ocrx_word' id='word_1_267' title='bbox 963 3119 1067 3182; x_wconf 88' lang='lat' dir='ltr'>Patres</span> <span class='ocrx_word' id='word_1_268' title='bbox 1083 3134 1271 3184; x_wconf 88' lang='lat' dir='ltr'>censuerant.</span> 
     </span>
    </p>
   </div>
   <div class='ocr_carea' id='block_1_3' title="bbox 462 3193 1469 3416">
    <p class='ocr_par' dir='ltr' id='par_1_4' title="bbox 462 3193 1469 3416">
     <span class='ocr_line' id='line_1_33' title="bbox 462 3193 1469 3292; baseline 0.01 -30"><span class='ocrx_word' id='word_1_269' title='bbox 462 3198 551 3264; x_wconf 88' lang='lat' dir='ltr'>Xlll.</span> <span class='ocrx_word' id='word_1_270' title='bbox 574 3205 602 3242; x_wconf 76' lang='lat'>⁵⁰</span> <span class='ocrx_word' id='word_1_271' title='bbox 616 3201 658 3265; x_wconf 85' lang='lat' dir='ltr'>Et</span> <span class='ocrx_word' id='word_1_272' title='bbox 668 3213 689 3242; x_wconf 80' lang='lat'>&#39;¹¹</span> <span class='ocrx_word' id='word_1_273' title='bbox 714 3193 858 3287; x_wconf 89' lang='lat' dir='ltr'>Popillius</span> <span class='ocrx_word' id='word_1_274' title='bbox 879 3218 911 3268; x_wconf 90' lang='lat' dir='ltr'>et</span> <span class='ocrx_word' id='word_1_275' title='bbox 926 3226 962 3267; x_wconf 90' lang='lat' dir='ltr'>ea</span> <span class='ocrx_word' id='word_1_276' title='bbox 976 3208 1100 3288; x_wconf 85' lang='lat' dir='ltr'>legatio,</span> <span class='ocrx_word' id='word_1_277' title='bbox 1114 3229 1180 3292; x_wconf 82' lang='lat' dir='ltr'>quae</span> <span class='ocrx_word' id='word_1_278' title='bbox 1194 3209 1286 3271; x_wconf 87' lang='lat' dir='ltr'>missa</span> <span class='ocrx_word' id='word_1_279' title='bbox 1299 3208 1339 3270; x_wconf 89' lang='lat' dir='ltr'>ad</span> <span class='ocrx_word' id='word_1_280' title='bbox 1353 3208 1469 3272; x_wconf 88' lang='lat' dir='ltr'>Antio·</span> 
     </span>
     <span class='ocr_line' id='line_1_34' title="bbox 552 3342 1336 3416; baseline 0.014 -23"><span class='ocrx_word' id='word_1_281' title='bbox 552 3342 559 3377; x_wconf 90' lang='lat'><strong>¹</strong></span> <span class='ocrx_word' id='word_1_282' title='bbox 573 3354 700 3394; x_wconf 70' lang='lat' dir='ltr'>muneret</span> <span class='ocrx_word' id='word_1_283' title='bbox 708 3361 761 3409; x_wconf 82' lang='lat' dir='ltr'>per,</span> <span class='ocrx_word' id='word_1_284' title='bbox 776 3346 837 3412; x_wconf 83' lang='lat' dir='ltr'>llup.</span> <span class='ocrx_word' id='word_1_285' title='bbox 1039 3410 1043 3416; x_wconf 35' lang='lat'>&lt;</span> <span class='ocrx_word' id='word_1_286' title='bbox 1113 3355 1132 3380; x_wconf 84' lang='lat'><strong>¹</strong></span> <span class='ocrx_word' id='word_1_287' title='bbox 1148 3353 1206 3404; x_wconf 81' lang='lat' dir='ltr'>Etl.</span> <span class='ocrx_word' id='word_1_288' title='bbox 1221 3354 1250 3402; x_wconf 86' lang='lat' dir='ltr'>Ut</span> <span class='ocrx_word' id='word_1_289' title='bbox 1262 3356 1336 3405; x_wconf 82' lang='lat' dir='ltr'>Grau.</span> 
     </span>
    </p>
   </div>
   <div class='ocr_carea' id='block_1_4' title="bbox 416 3460 1469 4574">
    <p class='ocr_par' dir='ltr' id='par_1_5' title="bbox 416 3460 1469 4574">
     <span class='ocr_line' id='line_1_35' title="bbox 419 3460 1461 3529; baseline 0.012 -20"><span class='ocrx_word' id='word_1_290' title='bbox 419 3460 560 3511; x_wconf 82' lang='lat' dir='ltr'>mentionem</span> <span class='ocrx_word' id='word_1_291' title='bbox 583 3462 670 3512; x_wconf 79' lang='lat' dir='ltr'>saciant</span> <span class='ocrx_word' id='word_1_292' title='bbox 701 3464 793 3512; x_wconf 80' lang='lat' dir='ltr'>Saldae·</span> <span class='ocrx_word' id='word_1_293' title='bbox 810 3466 835 3514; x_wconf 91' lang='lat' dir='ltr'>in</span> <span class='ocrx_word' id='word_1_294' title='bbox 867 3481 923 3515; x_wconf 81' lang='lat' dir='ltr'>voce</span> <span class='ocrx_word' id='word_1_295' title='bbox 955 3467 1033 3529; x_wconf 76' lang='lat' dir='ltr'>Cypro</span> <span class='ocrx_word' id='word_1_296' title='bbox 1041 3478 1103 3526; x_wconf 80' lang='lat' dir='ltr'>geste</span> <span class='ocrx_word' id='word_1_297' title='bbox 1112 3481 1174 3518; x_wconf 87' lang='lat' dir='ltr'>sunt.</span> <span class='ocrx_word' id='word_1_298' title='bbox 1195 3471 1461 3522; x_wconf 78' lang='lat' dir='ltr'>lamreroutottendat</span> 
     </span>
     <span class='ocr_line' id='line_1_36' title="bbox 420 3524 1462 3598; baseline 0.014 -26"><span class='ocrx_word' id='word_1_299' title='bbox 420 3524 589 3587; x_wconf 71' lang='grc' dir='ltr'>Καλλίμαχοι.</span> <span class='ocrx_word' id='word_1_300' title='bbox 608 3539 633 3574; x_wconf 87' lang='lat' dir='ltr'>et</span> <span class='ocrx_word' id='word_1_301' title='bbox 651 3527 741 3586; x_wconf 80' lang='lat' dir='ltr'>Strabo,</span> <span class='ocrx_word' id='word_1_302' title='bbox 765 3530 783 3579; x_wconf 89' lang='lat' dir='ltr'>l.</span> <span class='ocrx_word' id='word_1_303' title='bbox 807 3544 873 3579; x_wconf 84' lang='lat' dir='ltr'>xvtt.</span> <span class='ocrx_word' id='word_1_304' title='bbox 898 3542 923 3580; x_wconf 89' lang='lat' dir='ltr'>et</span> <span class='ocrx_word' id='word_1_305' title='bbox 955 3546 1024 3591; x_wconf 76' lang='lat' dir='ltr'>quem</span> <span class='ocrx_word' id='word_1_306' title='bbox 1034 3532 1108 3580; x_wconf 73' lang='lat' dir='ltr'>facilis</span> <span class='ocrx_word' id='word_1_307' title='bbox 1117 3534 1192 3598; x_wconf 74' lang='lat' dir='ltr'>lapsus</span> <span class='ocrx_word' id='word_1_308' title='bbox 1205 3537 1390 3596; x_wconf 77' lang='lat' dir='ltr'>fueritlibreriie,</span> <span class='ocrx_word' id='word_1_309' title='bbox 1400 3540 1462 3588; x_wconf 81' lang='lat' dir='ltr'>ideas</span> 
     </span>
     <span class='ocr_line' id='line_1_37' title="bbox 419 3587 1466 3668; baseline 0.015 -32"><span class='ocrx_word' id='word_1_310' title='bbox 419 3587 653 3648; x_wconf 61' lang='lat' dir='ltr'>aruerantxrn.</span> <span class='ocrx_word' id='word_1_311' title='bbox 957 3595 1090 3644; x_wconf 76' lang='lat' dir='ltr'>Perizonius</span> <span class='ocrx_word' id='word_1_312' title='bbox 1110 3599 1216 3648; x_wconf 77' lang='lat' dir='ltr'>observet</span> <span class='ocrx_word' id='word_1_313' title='bbox 1238 3617 1298 3664; x_wconf 76' lang='lat' dir='ltr'>saepe</span> <span class='ocrx_word' id='word_1_314' title='bbox 1318 3605 1342 3650; x_wconf 86' lang='lat' dir='ltr'>in</span> <span class='ocrx_word' id='word_1_315' title='bbox 1364 3605 1466 3668; x_wconf 78' lang='lat' dir='ltr'>antiquie</span> 
     </span>
     <span class='ocr_line' id='line_1_38' title="bbox 451 3650 1406 3730; baseline 0.019 -32"><span class='ocrx_word' id='word_1_316' title='bbox 451 3650 474 3730; x_wconf 48' lang='grc' dir='ltr'><em>ἦ</em></span> <span class='ocrx_word' id='word_1_317' title='bbox 491 3652 574 3707; x_wconf 68' lang='grc' dir='ltr'>Ωιιίὸιιι</span> <span class='ocrx_word' id='word_1_318' title='bbox 585 3655 695 3718; x_wconf 79' lang='lat' dir='ltr'>perlectis]</span> <span class='ocrx_word' id='word_1_319' title='bbox 714 3657 769 3705; x_wconf 87' lang='lat' dir='ltr'>Hoc</span> <span class='ocrx_word' id='word_1_320' title='bbox 779 3658 876 3707; x_wconf 87' lang='lat' dir='ltr'>debetur</span> <span class='ocrx_word' id='word_1_321' title='bbox 885 3659 924 3707; x_wconf 84' lang='lat' dir='ltr'>Si·</span> <span class='ocrx_word' id='word_1_322' title='bbox 956 3664 1113 3710; x_wconf 83' lang='lat' dir='ltr'>monumentis</span> <span class='ocrx_word' id='word_1_323' title='bbox 1123 3664 1232 3727; x_wconf 77' lang='lat' dir='ltr'>mdpturn</span> <span class='ocrx_word' id='word_1_324' title='bbox 1242 3668 1337 3729; x_wconf 86' lang='lat' dir='ltr'>reperiri</span> <span class='ocrx_word' id='word_1_325' title='bbox 1344 3684 1406 3728; x_wconf 71' lang='lat' dir='ltr'>rurs.</span> 
     </span>
     <span class='ocr_line' id='line_1_39' title="bbox 418 3719 1465 3794; baseline 0.017 -30"><span class='ocrx_word' id='word_1_326' title='bbox 418 3730 494 3777; x_wconf 78' lang='lat' dir='ltr'>genre.</span> <span class='ocrx_word' id='word_1_327' title='bbox 526 3719 602 3766; x_wconf 76' lang='lat' dir='ltr'>Antea</span> <span class='ocrx_word' id='word_1_328' title='bbox 611 3719 720 3782; x_wconf 75' lang='lat' dir='ltr'>perfectis.</span> <span class='ocrx_word' id='word_1_329' title='bbox 988 3726 1012 3760; x_wconf 76' lang='lat'>⁴⁸</span> <span class='ocrx_word' id='word_1_330' title='bbox 1030 3725 1141 3788; x_wconf 75' lang='lat' dir='ltr'>Templum</span> <span class='ocrx_word' id='word_1_331' title='bbox 1160 3731 1263 3793; x_wconf 72' lang='lat' dir='ltr'>intrem]</span> <span class='ocrx_word' id='word_1_332' title='bbox 1278 3733 1403 3794; x_wconf 80' lang='lat' dir='ltr'>Templum</span> <span class='ocrx_word' id='word_1_333' title='bbox 1423 3734 1465 3782; x_wconf 82' lang='lat' dir='ltr'>hie</span> 
     </span>
     <span class='ocr_line' id='line_1_40' title="bbox 449 3780 1468 3859; baseline 0.02 -31"><span class='ocrx_word' id='word_1_334' title='bbox 449 3782 472 3820; x_wconf 90' lang='lat'>⁴⁷</span> <span class='ocrx_word' id='word_1_335' title='bbox 489 3780 611 3844; x_wconf 72' lang='lat' dir='ltr'>intorquet</span> <span class='ocrx_word' id='word_1_336' title='bbox 621 3785 708 3831; x_wconf 68' lang='lat' dir='ltr'>audam</span> <span class='ocrx_word' id='word_1_337' title='bbox 721 3796 858 3845; x_wconf 70' lang='lat' dir='ltr'>maturaret,</span> <span class='ocrx_word' id='word_1_338' title='bbox 872 3803 925 3850; x_wconf 81' lang='lat' dir='ltr'>pers</span> <span class='ocrx_word' id='word_1_339' title='bbox 956 3791 1468 3859; x_wconf 76' lang='lat' dir='ltr'>intelligimuslotumeugurriscousecratum,</span> 
     </span>
     <span class='ocr_line' id='line_1_41' title="bbox 420 3842 1464 3923; baseline 0.018 -30"><span class='ocrx_word' id='word_1_340' title='bbox 420 3842 520 3910; x_wconf 66' lang='grc' dir='ltr'>Οςρτιυιι</span> <span class='ocrx_word' id='word_1_341' title='bbox 546 3847 662 3923; x_wconf 71' lang='lat' dir='ltr'>navigent]</span> <span class='ocrx_word' id='word_1_342' title='bbox 700 3849 807 3900; x_wconf 79' lang='lat' dir='ltr'>Feliciter</span> <span class='ocrx_word' id='word_1_343' title='bbox 833 3854 924 3914; x_wconf 76' lang='lat' dir='ltr'>corrigit</span> <span class='ocrx_word' id='word_1_344' title='bbox 955 3857 1017 3903; x_wconf 85' lang='lat' dir='ltr'>unde</span> <span class='ocrx_word' id='word_1_345' title='bbox 1025 3857 1085 3904; x_wconf 88' lang='lat' dir='ltr'>diem</span> <span class='ocrx_word' id='word_1_346' title='bbox 1093 3858 1464 3912; x_wconf 73' lang='lat' dir='ltr'>dieiudeonrenieadurnenerci-</span> 
     </span>
     <span class='ocr_line' id='line_1_42' title="bbox 417 3909 1467 3988; baseline 0.02 -32"><span class='ocrx_word' id='word_1_347' title='bbox 417 3909 566 3960; x_wconf 83' lang='lat' dir='ltr'>huuolotum</span> <span class='ocrx_word' id='word_1_348' title='bbox 575 3911 922 3966; x_wconf 81' lang='lat' dir='ltr'>Peneoniueinbuncmodum:</span> <span class='ocrx_word' id='word_1_349' title='bbox 955 3922 1467 3988; x_wconf 72' lang='lat' dir='ltr'>mimatenet,uterilieetinitiereigereadae</span> 
     </span>
     <span class='ocr_line' id='line_1_43' title="bbox 419 3976 1374 4045; baseline 0.018 -23"><span class='ocrx_word' id='word_1_350' title='bbox 419 3976 478 4022; x_wconf 82' lang='lat' dir='ltr'>inter</span> <span class='ocrx_word' id='word_1_351' title='bbox 497 3991 550 4038; x_wconf 79' lang='lat' dir='ltr'>qam</span> <span class='ocrx_word' id='word_1_352' title='bbox 565 3979 654 4026; x_wconf 72' lang='lat' dir='ltr'>eisdam</span> <span class='ocrx_word' id='word_1_353' title='bbox 667 3989 794 4028; x_wconf 73' lang='lat' dir='ltr'>materiei-et</span> <span class='ocrx_word' id='word_1_354' title='bbox 810 3995 862 4040; x_wconf 77' lang='lat' dir='ltr'>pur,</span> <span class='ocrx_word' id='word_1_355' title='bbox 877 3981 924 4045; x_wconf 77' lang='lat' dir='ltr'>Cy·</span> <span class='ocrx_word' id='word_1_356' title='bbox 955 3985 998 4032; x_wconf 78' lang='lat' dir='ltr'>sub</span> <span class='ocrx_word' id='word_1_357' title='bbox 1007 3987 1102 4034; x_wconf 85' lang='lat' dir='ltr'>deorum</span> <span class='ocrx_word' id='word_1_358' title='bbox 1114 3989 1208 4038; x_wconf 86' lang='lat' dir='ltr'>nurnine</span> <span class='ocrx_word' id='word_1_359' title='bbox 1218 4002 1374 4040; x_wconf 78' lang='lat' dir='ltr'>sumerentur.</span> 
     </span>
     <span class='ocr_line' id='line_1_44' title="bbox 416 4042 1466 4124; baseline 0.02 -39"><span class='ocrx_word' id='word_1_360' title='bbox 416 4052 484 4098; x_wconf 77' lang='lat' dir='ltr'>prurit</span> <span class='ocrx_word' id='word_1_361' title='bbox 502 4042 616 4104; x_wconf 70' lang='lat' dir='ltr'>inrigant.</span> <span class='ocrx_word' id='word_1_362' title='bbox 661 4042 739 4108; x_wconf 77' lang='lat' dir='ltr'>Hujus</span> <span class='ocrx_word' id='word_1_363' title='bbox 759 4045 925 4095; x_wconf 78' lang='lat' dir='ltr'>emendationis</span> <span class='ocrx_word' id='word_1_364' title='bbox 986 4051 1010 4087; x_wconf 78' lang='lat'>⁴9</span> <span class='ocrx_word' id='word_1_365' title='bbox 1026 4049 1085 4098; x_wconf 82' lang='lat' dir='ltr'>Nune</span> <span class='ocrx_word' id='word_1_366' title='bbox 1100 4067 1148 4100; x_wconf 80' lang='lat' dir='ltr'>eam</span> <span class='ocrx_word' id='word_1_367' title='bbox 1164 4071 1246 4118; x_wconf 77' lang='lat' dir='ltr'>qaoque</span> <span class='ocrx_word' id='word_1_368' title='bbox 1261 4067 1341 4103; x_wconf 74' lang='lat' dir='ltr'>sortem</span> <span class='ocrx_word' id='word_1_369' title='bbox 1361 4057 1466 4124; x_wconf 73' lang='lat' dir='ltr'>babebat]</span> 
     </span>
     <span class='ocr_line' id='line_1_45' title="bbox 418 4103 1467 4240; baseline 0.023 -27"><span class='ocrx_word' id='word_1_370' title='bbox 418 4103 925 4240; x_wconf 54' lang='lat' dir='ltr'>emerentianitis</span> <span class='ocrx_word' id='word_1_371' title='bbox 956 4112 1049 4227; x_wconf 73' lang='lat' dir='ltr'>N...</span> <span class='ocrx_word' id='word_1_372' title='bbox 1047 4118 1266 4231; x_wconf 53' lang='lat' dir='ltr'>&amp;liliati</span> <span class='ocrx_word' id='word_1_373' title='bbox 1281 4133 1363 4234; x_wconf 68' lang='lat'>²31³:</span> <span class='ocrx_word' id='word_1_374' title='bbox 1363 4124 1467 4237; x_wconf 51' lang='lat'>¹1:⁰54</span> 
     </span>
     <span class='ocr_line' id='line_1_46' title="bbox 418 4202 1469 4314; baseline 0.025 -38"><span class='ocrx_word' id='word_1_375' title='bbox 418 4229 490 4306; x_wconf 72' lang='lat' dir='ltr'>altera</span> <span class='ocrx_word' id='word_1_376' title='bbox 507 4231 632 4292; x_wconf 75' lang='lat' dir='ltr'>legationis,</span> <span class='ocrx_word' id='word_1_377' title='bbox 652 4253 703 4298; x_wconf 76' lang='lat' dir='ltr'>quae</span> <span class='ocrx_word' id='word_1_378' title='bbox 724 4249 803 4287; x_wconf 82' lang='lat' dir='ltr'>temen</span> <span class='ocrx_word' id='word_1_379' title='bbox 821 4238 924 4288; x_wconf 76' lang='lat' dir='ltr'>urrirerss</span> <span class='ocrx_word' id='word_1_380' title='bbox 955 4245 1219 4302; x_wconf 80' lang='lat' dir='ltr'>saerat,adCarbonem</span> <span class='ocrx_word' id='word_1_381' title='bbox 1229 4202 1377 4314; x_wconf 55' lang='lat' dir='ltr'>toriemlejur</span> <span class='ocrx_word' id='word_1_382' title='bbox 1386 4263 1469 4301; x_wconf 79' lang='lat' dir='ltr'>trent·</span> 
     </span>
     <span class='ocr_line' id='line_1_47' title="bbox 417 4297 1318 4366; baseline 0.023 -26"><span class='ocrx_word' id='word_1_383' title='bbox 417 4305 489 4342; x_wconf 83' lang='lat' dir='ltr'>trium</span> <span class='ocrx_word' id='word_1_384' title='bbox 505 4297 756 4359; x_wconf 78' lang='lat' dir='ltr'>ltorninurnerat,tum</span> <span class='ocrx_word' id='word_1_385' title='bbox 772 4320 802 4352; x_wconf 83' lang='lat' dir='ltr'>ex</span> <span class='ocrx_word' id='word_1_386' title='bbox 816 4319 846 4351; x_wconf 88' lang='lat' dir='ltr'>eo</span> <span class='ocrx_word' id='word_1_387' title='bbox 864 4305 925 4366; x_wconf 82' lang='lat' dir='ltr'>quod</span> <span class='ocrx_word' id='word_1_388' title='bbox 956 4308 1118 4360; x_wconf 73' lang='lat' dir='ltr'>htemfuisee.</span> <span class='ocrx_word' id='word_1_389' title='bbox 1314 4355 1318 4360; x_wconf 94' lang='lat'>.</span> 
     </span>
     <span class='ocr_line' id='line_1_48' title="bbox 418 4357 1465 4444; baseline 0.025 -39"><span class='ocrx_word' id='word_1_390' title='bbox 418 4357 535 4423; x_wconf 78' lang='lat' dir='ltr'>Polybius,</span> <span class='ocrx_word' id='word_1_391' title='bbox 548 4361 616 4434; x_wconf 69' lang='lat' dir='ltr'>leget.</span> <span class='ocrx_word' id='word_1_392' title='bbox 634 4367 672 4414; x_wconf 76' lang='lat'>92</span> <span class='ocrx_word' id='word_1_393' title='bbox 689 4367 770 4417; x_wconf 79' lang='lat' dir='ltr'>iiedern</span> <span class='ocrx_word' id='word_1_394' title='bbox 784 4369 926 4427; x_wconf 83' lang='lat' dir='ltr'>hominibus,</span> <span class='ocrx_word' id='word_1_395' title='bbox 989 4373 1012 4408; x_wconf 75' lang='lat'>³⁰</span> <span class='ocrx_word' id='word_1_396' title='bbox 1039 4373 1071 4421; x_wconf 75' lang='lat' dir='ltr'>Et</span> <span class='ocrx_word' id='word_1_397' title='bbox 1089 4373 1205 4437; x_wconf 81' lang='lat' dir='ltr'>Popillius,</span> <span class='ocrx_word' id='word_1_398' title='bbox 1225 4388 1248 4427; x_wconf 84' lang='lat' dir='ltr'>et</span> <span class='ocrx_word' id='word_1_399' title='bbox 1263 4395 1288 4426; x_wconf 81' lang='lat' dir='ltr'>ro</span> <span class='ocrx_word' id='word_1_400' title='bbox 1302 4379 1394 4444; x_wconf 73' lang='lat' dir='ltr'>legatio]</span> <span class='ocrx_word' id='word_1_401' title='bbox 1416 4382 1465 4430; x_wconf 78' lang='lat' dir='ltr'>Le·</span> 
     </span>
     <span class='ocr_line' id='line_1_49' title="bbox 418 4427 1469 4504; baseline 0.022 -33"><span class='ocrx_word' id='word_1_402' title='bbox 418 4437 569 4502; x_wconf 38' lang='lat' dir='ltr'>nempe-retr</span> <span class='ocrx_word' id='word_1_403' title='bbox 584 4427 636 4500; x_wconf 64' lang='grc' dir='ltr'>περὶ</span> <span class='ocrx_word' id='word_1_404' title='bbox 656 4431 800 4504; x_wconf 67' lang='grc' dir='ltr'>Ποπίλλιον,</span> <span class='ocrx_word' id='word_1_405' title='bbox 813 4435 925 4483; x_wconf 80' lang='lat' dir='ltr'>adscribet</span> <span class='ocrx_word' id='word_1_406' title='bbox 957 4438 990 4498; x_wconf 78' lang='lat' dir='ltr'>git</span> <span class='ocrx_word' id='word_1_407' title='bbox 1016 4439 1155 4498; x_wconf 74' lang='lat' dir='ltr'>Gronovius,</span> <span class='ocrx_word' id='word_1_408' title='bbox 1175 4452 1203 4489; x_wconf 84' lang='lat' dir='ltr'>at</span> <span class='ocrx_word' id='word_1_409' title='bbox 1230 4441 1345 4503; x_wconf 81' lang='lat' dir='ltr'>Popillius.</span> <span class='ocrx_word' id='word_1_410' title='bbox 1389 4445 1469 4495; x_wconf 77' lang='lat' dir='ltr'>Nobis</span> 
     </span>
     <span class='ocr_line' id='line_1_50' title="bbox 418 4495 1468 4574; baseline 0.024 -34"><span class='ocrx_word' id='word_1_411' title='bbox 418 4503 650 4555; x_wconf 69' lang='lat' dir='ltr'>umaquauve</span> <span class='ocrx_word' id='word_1_412' title='bbox 666 4509 691 4544; x_wconf 87' lang='grc' dir='ltr'>ιιι</span> <span class='ocrx_word' id='word_1_413' title='bbox 711 4495 822 4563; x_wconf 65' lang='grc' dir='ltr'>ιῆγμο,</span> <span class='ocrx_word' id='word_1_414' title='bbox 836 4499 925 4552; x_wconf 80' lang='lat' dir='ltr'>sivein</span> <span class='ocrx_word' id='word_1_415' title='bbox 958 4502 1029 4566; x_wconf 67' lang='grc' dir='ltr'>πιιςὶι</span> <span class='ocrx_word' id='word_1_416' title='bbox 1045 4503 1146 4570; x_wconf 78' lang='lat' dir='ltr'>placeret</span> <span class='ocrx_word' id='word_1_417' title='bbox 1162 4506 1240 4559; x_wconf 81' lang='lat' dir='ltr'>delere</span> <span class='ocrx_word' id='word_1_418' title='bbox 1260 4508 1285 4557; x_wconf 86' lang='lat' dir='ltr'>in</span> <span class='ocrx_word' id='word_1_419' title='bbox 1306 4510 1334 4559; x_wconf 84' lang='lat' dir='ltr'>iis</span> <span class='ocrx_word' id='word_1_420' title='bbox 1352 4525 1405 4574; x_wconf 70' lang='lat' dir='ltr'>qua</span> <span class='ocrx_word' id='word_1_421' title='bbox 1426 4526 1468 4564; x_wconf 82' lang='lat' dir='ltr'>et·</span> 
     </span>
    </p>
   </div>
   <div class='ocr_carea' id='block_1_5' title="bbox 0 0 1596 5225">
    <p class='ocr_par' dir='ltr' id='par_1_6' title="bbox 0 0 1596 5225">
     <span class='ocr_line' id='line_1_51' title="bbox 0 0 1596 5225; baseline 0 0"><span class='ocrx_word' id='word_1_422' title='bbox 0 0 1596 5225; x_wconf 95' lang='lat' dir='ltr'> </span> 
     </span>
    </p>
   </div>
  </div>
 </body>
</html>
