3184 5225
465 338 475 369 ‘
521 362 864 425 maxencius
1194 369 1212 425 ⁵
1271 396 1287 423 .

163 520 327 601 imperant,
343 530 379 580 ut
392 519 545 601 graviores
560 531 650 582 etate
665 519 777 581 milites
793 518 881 579 binos
897 515 929 577 in
944 537 981 578 ea
996 514 1147 599 jumenta,
1172 538 1209 580 ex
1223 528 1293 581 uc.
1305 530 1361 580 57⁴.

163 606 272 686 quibus
298 626 393 667 onera
416 602 538 687 dejecta
559 618 656 683 erant,
680 608 846 689 inponant:
878 596 994 684 equites
1017 615 1052 665 ut
1074 604 1210 686 singulos
1224 594 1356 646 ΗΠΒ·

163 690 355 772 ejurenibus
371 692 491 772 pedites
507 711 609 753 secum
626 693 656 753 in
672 713 767 773 equos
782 691 902 753 tollant.
939 689 1124 771 ‘Egregium
1141 692 1209 773 glo·

163 778 173 810 ‘
190 779 268 839 riam
280 778 407 860 legionis
420 778 495 857 fore,
507 779 531 839 si
544 789 654 855 castra,
670 790 752 840 metu
768 775 1009 838 secundanorum
1022 777 1140 856 amissa,
1155 798 1211 840 sua

163 866 174 897 ‘
191 864 301 927 virtute
315 864 485 945 recipiant:
511 874 544 926 et
558 864 650 946 recipi
665 863 753 924 facile
766 883 844 940 esse,
859 864 883 923 si
900 863 931 922 in
947 862 1049 943 praeda
1067 866 1209 947 occupati

163 952 174 983 ‘
190 951 310 1013 barbari
320 951 420 1012 subito
426 950 651 1032 obprimantur:
668 949 748 1010 sicut
760 949 906 1029 ceperint,
915 969 1006 1029 posse
1016 948 1107 1031 capi!
1120 948 1209 1011 Sum-

165 1058 217 1099 ma
231 1037 366 1099 militum
382 1037 540 1099 alacritate
555 1034 730 1097 adhortatio
756 1033 869 1095 audita
882 1046 938 1095 est.
987 1032 1101 1096 Femnt
1125 1036 1211 1098 citati

164 1124 263 1205 sigua,
290 1145 346 1185 nec
373 1122 531 1205 signiferos
555 1122 663 1185 armati
690 1132 862 1181 morantur:
885 1121 1000 1201 priores
1015 1132 1118 1181 tamen
1134 1143 1210 1183 con-

165 1210 210 1271 sul
227 1211 394 1293 copiaeque,
408 1231 473 1293 quae
495 1230 514 1269 a
537 1209 613 1269 mari
638 1208 868 1282 reducebantur,
892 1206 931 1266 ad
944 1206 1210 1268 vallurn‘aecesse-

165 1308 245 1358 runt.
283 1296 318 1358 L.
332 1297 431 1367 Atius,
454 1296 590 1357 tribunus
614 1294 727 1377 primus
748 1292 889 1355 secundae
905 1292 1044 1373 legionis,
1059 1312 1121 1353 non
1136 1294 1209 1355 bor-

165 1384 288 1445 tabatur
315 1384 406 1445 modo
422 1383 545 1460 milites,
560 1381 614 1442 sed
630 1380 761 1443 docebat
775 1380 880 1456 etiam,
904 1378 914 1411 ‘
930 1377 962 1439 Si
978 1378 1106 1439 victores
1126 1376 1208 1457 Istri,

164 1470 174 1502 ‘
190 1470 300 1549 quibus
315 1470 406 1531 ermis
421 1468 572 1551 cepissent
583 1478 691 1545 castra,
701 1466 808 1527 iisdem
820 1476 911 1547 capta
921 1465 1051 1526 retinere
1062 1464 1094 1526 in
1105 1465 1208 1527 auimo

165 1554 350 1632 ‘baberent,
366 1555 496 1638 primurn
512 1566 637 1617 erutum
653 1552 760 1615 castris
775 1552 896 1613 hostem
912 1551 951 1613 ad
965 1571 1048 1612 mare
1066 1572 1209 1633 persecu-

165 1643 274 1704 ‘turos
305 1643 407 1721 fuisse,
438 1642 547 1703 deinde
572 1641 718 1704 stationes
748 1650 831 1701 certe
857 1660 913 1721 pro
941 1638 1019 1701 vallo
1042 1638 1229 1701 habituros.-

164 1728 174 1760 ‘
189 1729 261 1789 rino
276 1750 445 1810 somnoque
459 1729 621 1790 verisimile
636 1750 701 1791 esse
717 1748 831 1789 mersos
843 1723 966 1809 jacere.'

209 1813 264 1877 lv.
296 1814 360 1877 Sub
389 1817 453 1877 lraec
483 1815 521 1878 A.
550 1814 756 1878 Baeculonium
791 1814 968 1900 signiferum
998 1836 1096 1892 suum,
1130 1826 1211 1879 notae

164 1901 353 1963 fortitudinis
383 1903 490 1983 sirum,
521 1902 631 1965 inferre
657 1903 776 1984 signum
800 1900 901 1983 jussit.
940 1902 1041 1980 ¹⁰·llle,
1066 1901 1092 1963 si
1117 1922 1210 1964 unum

164 2008 196 2049 se
212 2000 420 2068 sequerentur,
435 2007 496 2070 quo
511 1989 640 2051 celerius
658 1989 753 2066 lieret,
778 1988 955 2051 facturum⁸
981 1988 1078 2051 dixit:
1103 1988 1210 2051 conni-

165 2094 285 2155 susque,
309 2096 402 2155 quurn
418 2086 500 2137 trans
522 2077 634 2137 vallum
659 2077 778 2157 signum
805 2074 983 2157 trajecisset,
1004 2077 1120 2158 primus
1144 2096 1212 2137 orn·
1225 2092 1371 2157 Resuprrm

164 2161 250 2223 nium
276 2172 395 2243 portam
420 2162 551 2223 intravit.
594 2162 636 2223 Et
661 2174 747 2245 parte
774 2161 826 2222 alii
844 2161 883 2223 Τ.
898 2175 931 2224 et
946 2161 983 2223 C.
998 2160 1085 2239 AElii,
1100 2162 1212 2223 tribuni
1224 2170 1306 2209 m·

165 2246 299 2309 militurn
315 2249 411 2310 tertiae
426 2248 564 2329 legionis,
588 2269 657 2310 cum
678 2249 815 2329 equitatu
841 2247 1017 2311 adveniunt.
1040 2247 1212 2327 confestim,

165 2344 198 2394 et
219 2354 296 2413 quos
323 2334 408 2395 binos
431 2335 569 2396 oneraria
595 2336 626 2395 in
649 2332 791 2415 jumenta
816 2334 1023 2417 inposuerant,
1049 2334 1156 2411 secuti,
1181 2345 1214 2396 et

165 2420 272 2481 consul
288 2440 358 2481 cum
373 2432 439 2483 toto
461 2422 593 2503 agmine.
638 2420 683 2482 At
710 2418 855 2481 istrorum
882 2420 982 2503 pauci,
1012 2419 1063 2502 qni
1091 2420 1213 2482 modice

167 2504 267 2567 vinosi
304 2519 398 2583 erant,
428 2527 574 2569 memores
605 2507 725 2569 fuerunt
762 2505 856 2587 fugae3
895 2506 961 2567 aliis
987 2527 1095 2569 sornno
1130 2528 1212 2569 mors

168 2592 350 2654 continuata
365 2604 429 2654 est:
458 2593 633 2674 integraque
648 2615 702 2655 sua
722 2593 827 2654 omnia
849 2590 992 2671 Romani,
1013 2604 1212 2675 preterquam

165 2679 248 2759 quod
263 2679 325 2739 vini
342 2680 462 2759 cibique
485 2681 656 2742 absumtum
681 2694 757 2757 erat,
785 2667 977 2762 receperunt:
1018 2678 1107 2761 AEgri
1133 2701 1209 2762 quo·

165 2783 222 2844 que
247 2764 371 2844 milites,
396 2766 446 2846 qui
473 2765 635 2828 incastris
663 2765 758 2828 relicti
786 2765 915 2843 fuerant,
941 2778 1104 2848 postquam
1131 2767 1213 2829 intra
1300 2803 1304 2809 -

164 2851 275 2912 vallum
295 2873 366 2912 suos
386 2865 553 2929 senserunt,
574 2852 665 2914 armis
686 2853 825 2934 arreptis,
849 2853 963 2913 caedem
988 2851 1145 2931 ingentem
1165 2852 1211 2915 fe·
1264 2919 1272 2930 ,

164 2949 279 2999 cerunt.
322 2938 405 3000 Ante
420 2959 525 3000 omnes
541 2939 667 3020 insignis
690 2959 784 3020 opera
810 2937 868 2999 fuit
887 2935 923 3000 C.
946 2937 1064 3020 Popillii
1091 2939 1212 3020 equitis.

163 3020 285 3085 Sabello
310 3045 482 3106 cognomen
496 3037 570 3086 erat.
587 3025 622 3103 is,
643 3024 721 3106 pede
746 3025 850 3086 saucio
876 3025 1009 3102 relictus,
1034 3025 1125 3106 longe
1140 3025 1210 3106 plu-

163 3109 281 3172 rimush
320 3111 454 3172 hostium
485 3111 607 3174 occidit.
661 3110 712 3172 Ad
738 3119 809 3172 octo
832 3111 928 3172 millia
961 3109 1108 3174 Istrorum
1138 3123 1213 3173 sunt

164 3215 252 3272 eaesa,
267 3209 374 3278 captus
388 3219 491 3276 nemo,
507 3199 578 3278 quia
592 3199 637 3258 ira
651 3208 683 3259 et
703 3197 875 3278 indignatio
897 3198 1078 3260 inmemores
1101 3198 1209 3280 praede:

162 3280 248 3343 fecit.
291 3282 356 3348 Rex
382 3295 486 3346 tamen
513 3283 670 3361 Istrorum,
696 3283 879 3344 temulentus
905 3305 944 3345 ex
967 3284 1113 3360 convivio,
1138 3304 1210 3364 rap·

164 3367 220 3427 tim
238 3370 331 3430 asuis
345 3371 376 3431 in
391 3391 502 3451 equum
519 3371 676 3453 inpositus,
697 3368 785 3450 fugit.
829 3367 878 3428 Ex
899 3369 1062 3430 victoribus
1085 3369 1208 3432 ducenti

163 3453 292 3535 triginta
307 3468 423 3538 septem
439 3457 550 3518 milites
573 3456 736 3538 perierunt,
764 3453 864 3538 plures
890 3455 922 3516 iu
946 3456 1098 3517 matutina
1122 3457 1206 3538 fuga,

163 3559 254 3620 quarn
271 3542 303 3601 in
319 3543 499 3624 recipiendis
515 3543 633 3605 castris.

206 3625 243 3688 V.
261 3626 352 3690 Forte
367 3630 410 3689 ita
430 3629 541 3706 evenit,
556 3641 590 3690 ut
603 3628 659 3690 Cn.
682 3638 713 3688 et
727 3624 762 3689 b.
777 3623 911 3702 Gavillii,
938 3632 961 3666 ¹¹
975 3630 1084 3691 novelli
1106 3631 1204 3713 Aqui·

161 3711 302 3791 leienses,
333 3733 402 3775 curn
426 3727 598 3776 commeatu
622 3715 787 3791 venientes,
814 3713 912 3796 ignari
938 3735 1033 3796 prope
1053 3717 1083 3776 in
1112 3729 1205 3798 capta

159 3811 261 3860 castra
283 3801 322 3860 ab
346 3798 431 3863 lstris
453 3801 631 3863 inciderent.
685 3798 721 3877 li,
752 3821 844 3881 quum
875 3799 1059 3882 Aquileiam,
1091 3802 1203 3865 relictis
1215 3829 1301 3884 'rm
1311 3835 1359 3888 R„

157 3883 386 3966 inpedimentis,
415 3887 604 3969 refugissent,
635 3887 740 3948 omnia
766 3899 880 3948 terrore
908 3908 944 3947 ac
976 3887 1119 3967 tumultu,
1141 3911 1268 3955 nonme:

288 4009 422 4069 ejecturum
429 4007 497 4057 Crev.
509 4007 570 4073 Rup.
766 4000 778 4034 ¹¹
788 4009 911 4070 pluriorem
921 4005 994 4056 Gran.
1005 4006 1073 4061 cm.

192 4096 214 4129 ¹⁰
224 4094 274 4153 lue,
289 4099 309 4142 si
324 4113 395 4144 :raram
415 4114 437 4144 re
452 4108 591 4161 sequerentur
607 4131 614 4145 .
632 4130 639 4144 .
658 4131 664 4143 .
693 4095 826 4161 iubebatur,
842 4098 882 4145 aed
890 4100 1005 4158 iacturum
1017 4101 1202 4161 signumiucas·
1277 4094 1280 4099 ¹

149 4163 269 4222 jnctrrrum
290 4159 358 4224 dixit]
402 4163 469 4210 Nibil
495 4164 595 4226 apertius
622 4173 667 4219 eu,
696 4173 740 4218 tra,
756 4177 803 4225 quo
822 4161 921 4210 celerius
938 4178 974 4211 res
992 4181 1146 4229 perageretur,
1163 4183 1203 4218 ις.

157 4241 225 4287 quam
238 4226 285 4290 legi
296 4227 446 4286 debere,non
457 4227 589 4292 ,ficturum
607 4243 665 4290 quo·
696 4226 770 4276 cende
789 4227 892 4292 periculo
914 4229 1052 4288 ignominiae,
1072 4233 1092 4279 ri
1111 4235 1202 4295 rignum

158 4294 226 4339 ruodo
245 4292 343 4354 scriptus
365 4295 455 4350 babuit.
474 4294 514 4341 sed
544 4294 668 4355 jucturam,
697 4292 851 4348 amitteretur,
862 4293 979 4342 militibus.

158 4371 209 4417 quse
238 4355 349 4405 Gronorii
376 4360 506 4408 ernendetio
522 4371 567 4406 est.
600 4357 665 4404 Dicit
732 4357 751 4389 ¹¹
767 4355 852 4404 Nordii
870 4357 1024 4425 Aquileienses]
1063 4361 1112 4410 Qui
1136 4376 1202 4412 erant

158 4421 225 4480 igitur
236 4421 338 4482 signifer,
356 4424 376 4471 ri
394 4425 465 4472 cerari
482 4437 554 4471 unum
565 4437 590 4470 re
601 4422 665 4484 requi
698 4421 872 4470 acolonisanre
884 4423 1008 4472 triennium
1021 4428 1150 4490 Aquileiam
1161 4431 1202 4479 de.

159 4485 253 4545 redeat,
270 4502 319 4536 non
331 4491 399 4540 modo
416 4489 532 4540 illaturum
552 4504 587 4554 re,
604 4487 665 4552 quod
697 4485 780 4538 ductis.
813 4487 885 4552 Supra
894 4487 911 4536 l.
923 4500 967 4538 xr..
978 4507 1000 4540 e.
1011 4495 1051 4542 31.
