3184 5225
370 367 411 422 44
784 358 869 420 ΤΙΤΙ
889 357 988 420 Ierll

202 550 238 604 u·
247 549 278 601 α
289 557 346 610 50⁰·
371 514 539 582 Memmius
552 513 700 592 Siciliam,
714 509 768 596 Sp.
784 511 909 577 Cluvius
924 512 1108 578 Sardiniam.
1152 514 1312 595 Consules,
1329 518 1370 580 ob
1384 541 1427 584 aa

202 615 273 670 hc.
286 620 341 672 172.
371 605 442 668 irati
458 605 587 681 senatui,
599 601 716 663 Latinis
731 600 813 661 feriis
829 599 860 660 in
876 602 1007 682 primam
1023 619 1175 682 quamque
1191 600 1273 662 diem
1287 602 1424 687 indictis,

370 692 404 752 in
427 690 613 775 provinciam
635 687 770 748 abituros
791 687 884 748 essc¹t
907 688 1147 764 denunciarunt3
1175 689 1423 771 necquidquam

371 776 542 859 reipublicae
560 787 692 852 acturos,
706 783 906 856 praeterquam
920 774 1002 858 quod
1018 774 1297 856 ad4provincianun
1321 777 1422 840 admi·

370 863 581 924 nistrationem
597 860 759 922 adtineret.

414 946 471 1009 xl.
486 948 637 1022 Attalum,
653 948 734 1029 regis
747 945 894 1008 Eumenis
908 945 1044 1025 fratrem,
1067 947 1200 1028 legatum
1222 949 1339 1011 venisse
1356 948 1421 1013 Ro·

369 1053 463 1112 mam,
478 1032 616 1094 Valerius
630 1033 741 1094 Antias
756 1033 804 1094 his
820 1031 993 1094 consulibus
1014 1033 1128 1111 scribit,
1145 1035 1184 1096 ad
1200 1034 1363 1097 deferenda
1379 1037 1420 1098 de

368 1117 479 1180 Perseo
494 1119 633 1197 crimina,
648 1118 888 1198 indicandosque
903 1118 1067 1199 adparatus
1082 1120 1165 1182 belli.
1210 1119 1341 1182 Plurium
1361 1143 1419 1184 an·

369 1205 464 1281 nales,
487 1217 520 1265 et
543 1205 652 1284 quibus
674 1205 840 1265 credidisse
864 1205 963 1281 malis,
987 1204 1088 1285 ipsum
1109 1205 1278 1268 Eumenem
1301 1209 1422 1270 venisse

201 1301 319 1351 zamma
369 1290 506 1352 tradunt.
560 1288 713 1351 Eumenes
733 1290 837 1370 igitur,
859 1300 895 1349 ut
917 1287 1047 1350 Romam
1069 1291 1164 1369 venit,
1180 1304 1326 1376 exceptus
1348 1315 1420 1356 cum

200 1366 302 1442 hm
315 1379 358 1416 ’θ’
369 1386 457 1438 tanto
473 1376 599 1454 honore,
614 1386 761 1457 quantum
781 1395 846 1437 non
868 1375 985 1438 meritis
1008 1385 1129 1438 tantum
1154 1377 1229 1459 ejus,
1246 1381 1301 1442 sed
1323 1381 1420 1442 bene·

199 1443 245 1481 ‘¹¹⁸'
370 1461 447 1524 ficiis
461 1463 554 1524 etiam
569 1462 642 1540 suis,
657 1461 794 1542 ingentia
808 1481 874 1542 quae
896 1461 928 1521 in
950 1481 1020 1522 eum
1034 1475 1181 1544 congesta
1196 1476 1294 1543 crant,
1310 1466 1421 1528 existi·

371 1560 470 1611 maret
491 1547 594 1610 deberi
611 1548 740 1630 populus
754 1547 922 1625 Romanus,
941 1548 974 1607 in
997 1559 1134 1611 senatum
1152 1562 1199 1612 est
1217 1551 1418 1616 introductus.

371 1633 544 1696 ‘Caussam
564 1634 707 1695 veniendi
721 1635 779 1695 sibi
795 1632 925 1695 Romam
945 1632 1056 1713 luisse,'
1073 1635 1160 1715 dixit,
1176 1637 1308 1719 ‘prater
1329 1639 1418 1722 cupi·

371 1720 525 1783 ‘ditatem
545 1720 661 1783 visendi
679 1718 763 1781 Deos
781 1719 993 1800 hominesque,
1008 1740 1135 1803 quorum
1155 1723 1303 1786 beneficio
1325 1725 1356 1786 in
1379 1745 1419 1788 ea

370 1806 519 1869 ‘fortuma
544 1819 635 1884 esset,
660 1827 752 1889 supra
776 1815 869 1887 quam
893 1809 970 1866 ³³ne
997 1820 1105 1889 optare
1130 1810 1255 1890 quidem
1281 1811 1417 1890 auderet,

200 1907 313 1960 Perseum
370 1893 489 1956 ‘etiam
503 1905 540 1954 ut
554 1915 656 1956 coram
679 1905 818 1955 moneret
835 1905 985 1970 senatum,
1000 1904 1035 1954 ut
1048 1892 1148 1956 Persei
1164 1897 1281 1958 conatis
1296 1896 1417 1959 obviam

200 1987 333 2050 mpeetum
370 1978 473 2041 ‘iret’
532 1980 626 2041 Orsus
649 1981 719 2041 iude
745 2001 765 2040 a
786 1978 919 2060 Philippi
944 1979 1087 2058 consiliis,
1114 1982 1248 2044 ‘necem
1268 1981 1417 2045 Demetrii

199 2038 258 2153 ,siff
267 2040 356 2093 ω’
369 2066 381 2100 ‘
394 2065 465 2128 filii'
480 2067 595 2144 retulit,
611 2066 818 2128 ‘adversantis
831 2064 971 2127 Romano
986 2066 1082 2144 bello;
1105 2065 1325 2132 Bastarnarum
1340 2090 1417 2151 gen·

369 2153 459 2216 ‘tam
473 2153 608 2215 excitam
627 2153 751 2214 sedibus
768 2153 841 2230 suis,
857 2172 985 2232 quorum
1000 2154 1121 2214 auxiliis
1136 2155 1231 2218 fretus
1247 2157 1278 2216 in
1294 2153 1415 2218 Italiam
1449 2213 1453 2222 .

368 2240 379 2272 ‘
393 2240 545 2301 transiret.
590 2237 665 2300 Hac
680 2259 750 2300 eum
765 2239 953 2300 volut-antem
970 2239 1000 2299 in
1016 2240 1129 2319 animo,
1146 2241 1322 2323 obpressum
1337 2241 1415 2320 fato,

368 2325 520 2408 ‘regnum
536 2327 564 2386 ei
581 2325 748 2406 reliquisse,
763 2345 852 2404 quem
868 2323 1099 2388 infestissimum
1114 2348 1181 2389 esse
1196 2329 1337 2390 sensisset
1348 2327 1416 2390 Ro·

368 2411 380 2445 ‘
393 2413 502 2473 manis.
518 2413 622 2493 itaque
634 2411 753 2487 Persea,
769 2410 991 2472 haereditarium
1008 2425 1124 2494 apatre
1137 2413 1278 2476 relictum
1289 2413 1417 2493 bellurn,

368 2496 426 2558 ‘et
441 2497 530 2558 simul
546 2519 616 2558 cum
639 2498 768 2578 imperio
785 2497 944 2574 traditum,
960 2501 987 2536 ³⁴
992 2496 1123 2579 jamjam
1138 2501 1269 2581 primum
1282 2501 1364 2561 alere
1379 2521 1416 2562 ac

368 2583 379 2617 ‘
394 2582 497 2646 fovere
510 2584 652 2645 omnibus
667 2582 810 2644 consiliis.
851 2581 972 2644 llorere
987 2595 1132 2665 praeterea
1141 2583 1310 2665 juventute,
1323 2605 1415 2667 quam

261 2720 265 2727 .
337 2725 340 2730 ,
367 2668 518 2751 ‘stirpem
549 2670 642 2750 longa
668 2690 721 2749 pas
747 2668 888 2745 ediderit,
915 2668 1021 2734 llorere
1050 2672 1157 2752 opibus
1185 2672 1280 2751 regni,
1305 2671 1413 2733 llorere

367 2756 379 2789 ‘
394 2757 488 2817 etiam
504 2767 604 2817 aetate.
653 2754 728 2824 Qua
743 2774 836 2834 quum
852 2755 987 2835 corporis
1002 2757 1109 2818 robore
1125 2778 1160 2817 ac
1174 2758 1284 2817 viribus
1299 2758 1416 2839 vigeat,

235 2908 241 2917 ,
366 2842 529 2903 ‘animum
542 2862 609 2903 esse
624 2840 824 2901 inveteratum
837 2839 955 2901 diutina
969 2851 1035 2903 arte
1050 2854 1140 2923 atque
1152 2864 1209 2903 usu
1217 2843 1297 2905 belli.
1340 2843 1414 2905 Jam

261 2983 266 2993 ,
366 2927 464 2989 ‘inde
487 2949 506 2987 a
527 2948 632 3009 puero,
653 2926 749 3008 patris
774 2927 984 3006 contubernio,
1006 2926 1152 2991 Romanis
1174 2949 1292 3011 quoque
1314 2930 1415 3008 bellis,

367 3017 378 3049 ‘
393 3034 456 3076 non
471 3014 609 3075 finitimis
630 3024 762 3089 tantum,
778 3012 948 3092 adsuetum,
964 3014 1087 3077 missum
1103 3036 1123 3076 a
1138 3027 1223 3097 patra
1238 3016 1270 3075 in
1285 3016 1414 3098 expedi-

365 3101 491 3163 ‘tiones
506 3100 617 3161 multas
631 3099 798 3180 variasque.
852 3098 921 3161 Jam
938 3123 976 3163 ex
998 3123 1059 3182 quo
1081 3102 1146 3185 ipse
1161 3102 1328 3183 accepisset
1342 3122 1414 3183 reg-

364 3188 377 3220 ‘
392 3208 476 3265 num,
492 3187 598 3264 multa,
613 3206 680 3269 quse
693 3206 757 3247 non
770 3187 812 3263 ui,
827 3206 889 3247 non
905 3186 986 3265 dolo,
1003 3188 1168 3271 Philippus,
1183 3188 1287 3249 omnia
1302 3208 1414 3270 exper-

364 3275 450 3351 ‘tus,
470 3273 619 3356 potuisset
641 3272 753 3349 moliri,
776 3272 954 3335 admirando
977 3295 1076 3335 rerum
1099 3294 1240 3335 successu
1267 3276 1412 3336 tenuisse.

363 3360 563 3422 ‘Accessisse
586 3359 626 3420 ad
640 3360 718 3420 vires
740 3378 819 3434 eam,
835 3378 901 3438 quse
924 3359 1016 3441 longo
1031 3372 1180 3443 tempore,
1194 3360 1300 3423 multis
1322 3380 1411 3442 mag·

363 3447 376 3478 ‘
390 3448 497 3525 nisque
512 3446 628 3508 meritis
643 3455 798 3527 pareretur
807 3444 826 3523 ¹,
842 3447 1064 3508 auctoritatem.

408 3530 483 3593 Xll.
504 3531 604 3593 ‘Nam
620 3530 703 3613 apud
714 3529 837 3593 Graeciae
849 3542 940 3614 atque
949 3532 1029 3595 Asiae
1042 3533 1180 3596 civitates
1192 3533 1286 3595 vereri
1298 3531 1410 3614 majas·

364 3618 375 3651 ‘
391 3628 486 3679 tatem
496 3616 561 3699 ejus
569 3638 686 3679 omnes.
696 3638 764 3694 nec,
773 3637 830 3697 pro
839 3619 947 3698 quibus
957 3619 1084 3697 meritis,
1092 3640 1149 3702 pro
1158 3640 1219 3700 qua
1230 3618 1412 3683 munificen-

363 3705 435 3765 ‘tia
449 3714 568 3767 tautum
583 3705 612 3767 ei
627 3705 787 3779 tribuatur,
801 3724 940 3766 cernere:
964 3726 1020 3767 nec
1032 3705 1134 3767 dicere
1144 3727 1200 3788 pro
1212 3718 1298 3767 certo
1309 3726 1412 3789 posse,

362 3792 375 3825 ‘
389 3804 490 3854 utrum
506 3792 654 3853 felicitate
669 3790 701 3850 id
712 3790 844 3868 quadarn
859 3790 924 3873 ejus
940 3794 1070 3870 accidat,
1086 3812 1137 3869 an,
1148 3792 1230 3871 quod
1244 3792 1310 3874 ipse
1325 3812 1413 3852 rere-

362 3878 374 3909 ‘
388 3889 456 3941 atur
471 3879 583 3956 dicere,
597 3876 713 3937 invidia
727 3874 868 3939 adversus
881 3878 1036 3940 Romanos
1049 3878 1181 3940 favorem
1198 3878 1241 3939 illi
1257 3877 1413 3940 conciliet.

569 4087 634 4139 *erte
642 4090 659 4138 l.
670 4106 692 4139 se
703 4090 778 4139 Gran.
791 4090 860 4140 erev.
992 4090 999 4125 ¹
1005 4100 1125 4155 putaretur
1137 4088 1200 4138 End.

394 4269 418 4305 θ’
430 4268 653 4339 Neoprursqrddqc]
672 4270 870 4332 Addeqnicrpmm.
902 4285 928 4318 ac
940 4270 1088 4334 precipuum,
1099 4270 1160 4334 quod
1169 4268 1312 4333 potissimum
1322 4276 1415 4331 spaera·

395 4334 418 4369 ³⁴
428 4332 523 4395 ijom
535 4333 643 4395 primun]
667 4335 723 4383 Hoc
737 4346 870 4397 corruptum
902 4346 947 4383 ret.
988 4336 1034 4384 Sed
1050 4336 1128 4384 durias
1137 4338 1227 4383 ridetur
1242 4336 1286 4382 boe
1303 4332 1413 4394 loquendi

361 4410 408 4448 aar.
450 4398 548 4459 θοπίςὶι
559 4396 688 4448 Gronovius
704 4409 808 4462 tuomum
821 4401 871 4460 μη·-
903 4416 982 4464 genas,
993 4418 1061 4466 mrum
1071 4416 1114 4469 pro
1125 4400 1216 4450 liviana
1227 4398 1347 4461 alegreth.

362 4480 438 4512 mam:
458 4464 483 4512 id
493 4474 540 4525 eat,
549 4474 659 4528 tanquam
672 4465 758 4528 aliquid
772 4466 872 4528 priunum
1065 4492 1071 4499 ·
