3184 5225
384 375 424 428 aa
702 349 707 357 ’
803 365 888 426 urm
910 363 1011 424 mvn

222 539 364 590 uaros.
389 520 572 603 Caeritesque
587 537 717 602 anguem
733 520 765 581 in
780 519 896 602 oppido
922 539 977 580 suo
998 518 1152 601 jubarum,
1181 519 1279 582 aureis
1305 522 1431 584 maculis

222 605 361 657 ΜΛΝ·
389 629 539 692 sparsum,
579 605 752 689 adparuisse
792 605 1004 667 adfirmabant.
1030 616 1072 684 et,
1102 605 1133 668 in
1172 623 1246 687 agro
1272 605 1432 690 Campano

389 697 499 758 bovem
514 694 650 755 locutum
664 712 741 769 esse,
756 691 832 752 satis
847 692 1020 753 constabat.
1125 689 1131 700 '

433 777 538 842 XXll.
564 776 673 858 Legati
698 779 726 816 ⁹⁸
740 775 839 838 Nonis
853 776 974 839 ,Ιιιιιίἱει
995 797 1035 843 ex
1054 776 1160 839 Africa
1181 779 1345 859 redierunt,
1368 782 1432 863 qui,

390 877 543 930 convento
565 865 648 946 prius
675 861 839 924 Masinissa
861 883 942 944 rege,
967 861 1189 946 Karthaginem
1204 866 1323 928 ierant:
1347 879 1431 929 cete·

391 973 457 1014 rum
473 949 583 1012 certius
607 949 776 1030 aliquanto,
792 969 859 1033 qua
873 948 1061 1031 Karthagine
1077 963 1148 1013 acta
1166 964 1276 1030 essent,
1298 953 1337 1012 ab
1358 974 1431 1034 rege

390 1037 568 1113 rescierant,
595 1055 687 1117 quam
714 1036 752 1096 ab
787 1035 860 1118 ipsis
893 1033 1206 1117 Karthaginiensibus.
1239 1051 1430 1121 compertum

390 1135 495 1186 tamen
510 1121 755 1198 adfirmaverunt,
777 1122 807 1182 le
829 1132 895 1184 atos
915 1122 954 1182 ah
969 1143 1040 1204 rege
1057 1120 1166 1185 Perseo
1185 1125 1311 1202 venisse,
1331 1125 1430 1206 iisque

389 1221 486 1271 noctu
505 1218 644 1270 senatum
659 1207 691 1269 in
705 1207 770 1269 rede
838 1208 950 1290 culapii
970 1207 1075 1270 datum
1090 1231 1166 1271 esse.
1185 1211 1223 1272 ab
1241 1207 1431 1291 Karthagine

390 1296 509 1376 legatos
523 1293 555 1355 in
571 1291 788 1377 Macedoniam
811 1294 930 1376 missos,
952 1304 984 1356 et
1003 1315 1058 1356 rex
1073 1295 1292 1373 adfirmaverat,
1315 1308 1348 1358 et
1370 1297 1428 1378 ipsi

390 1401 499 1464 parum
513 1391 689 1442 constanter
702 1391 896 1462 negaverant.
941 1377 976 1441 ln
992 1378 1208 1442 Macedoniam
1223 1401 1341 1462 quoque
1356 1384 1430 1444 mit·

391 1467 502 1529 tendas
515 1467 634 1548 legatos
656 1477 778 1528 sensnss
802 1467 929 1529 censuit.
955 1477 1015 1528 tres
1038 1467 1121 1528 missi
1145 1479 1226 1545 sunt,
1252 1466 1290 1530 C.
1312 1467 1430 1546 laelius,

391 1550 440 1614 M.
454 1551 594 1615 Valerius
606 1550 762 1631 Messalla,
777 1549 849 1615 Sex.
864 1550 1007 1634 Digitius.
1051 1552 1175 1615 Perseus
1187 1574 1241 1635 per
1255 1553 1288 1614 id
1299 1565 1430 1635 tempus,

391 1638 597 1720 quiaquidam
608 1637 764 1722 Dolopum
784 1659 847 1700 non
867 1640 1026 1720 parebant,
1046 1651 1089 1717 et,
1102 1640 1140 1700 de
1161 1640 1269 1719 quibus
1292 1640 1427 1720 ambige-

391 1725 481 1788 batur
492 1726 590 1803 rebus,
613 1725 865 1808 disceptationem
878 1725 917 1786 ab
932 1745 1002 1807 rege
1019 1726 1058 1787 ad
1071 1725 1225 1787 Romanos
1236 1727 1428 1804 revocabant,

392 1831 462 1873 cum
484 1813 620 1874 exercitu
646 1811 810 1894 profectus,
833 1812 887 1872 sub
909 1809 960 1892 jus
984 1811 1192 1894 judiciumque
1216 1831 1303 1874 suum
1329 1823 1428 1874 totam

297 1889 321 1902 “’
391 1899 495 1980 coegit
508 1909 641 1979 gentem.
686 1895 772 1975 Inde,
793 1917 847 1980 per
867 1897 982 1960 OEtaeos
1004 1910 1123 1960 montes
1144 1909 1358 1980 transgressus,
1380 1917 1428 1960 re·

391 1983 554 2068 ligionibus
589 1983 769 2068 quibusdam
802 1984 904 2045 animo
937 1981 1077 2065 objectis,
1112 1984 1266 2046 oraculum
1294 1985 1428 2046 aditurus

389 2067 529 2154 Delphos
549 2070 717 2132 adscendit.
761 2069 863 2140 Quum
886 2070 916 2130 in
938 2070 1039 2132 media
1059 2081 1183 2152 repente
1203 2068 1320 2134 Gracia
1333 2070 1428 2153 adpa-

388 2158 509 2236 ruisset‚
520 2176 664 2238 magnum
675 2176 739 2217 non
751 2155 889 2218 linitimis
900 2157 993 2217 modo
1004 2157 1126 2220 urbibus
1136 2167 1281 2220 terrorem
1292 2156 1427 2240 prebuit,

388 2244 443 2306 sed
461 2244 493 2305 in
511 2241 616 2306 Asiam
635 2261 755 2323 quoque
773 2241 815 2303 ad
836 2261 939 2324 regem
957 2241 1125 2304 Eumenem
1140 2243 1266 2305 nuncius
1281 2242 1427 2305 tumultus

386 2329 452 2412 ejus
463 2330 556 2392 venit.
571 2327 731 2405 Triduum,
743 2349 804 2390 non
817 2328 895 2410 plus,
904 2325 1032 2410 Delphis
1043 2341 1186 2407 moratus,
1197 2350 1252 2412 per
1262 2333 1287 2370 ⁰⁹
1299 2327 1427 2390 Phthio-

385 2415 482 2478 tidem
521 2414 684 2491 Achaiam,
712 2412 977 2501 ‘lhessaliamqua
1011 2415 1075 2476 sine
1118 2416 1229 2477 dasnno
1260 2413 1429 2497 injuriaque

389 2519 542 2581 agrorum,
559 2519 612 2580 per
627 2518 704 2579 qnos
719 2498 776 2560 iter
790 2498 875 2576 fecit,
896 2500 927 2560 in
948 2521 1074 2582 regnum
1095 2501 1194 2563 rediit.
1237 2499 1303 2564 Nec
1324 2521 1427 2562 earum

389 2597 512 2650 tantum
521 2584 701 2662 civitatium,
711 2605 765 2667 per
776 2604 850 2667 quas
860 2585 955 2648 iturus
965 2599 1039 2667 erat,
1047 2587 1120 2651 satis
1130 2587 1235 2649 habuit
1243 2588 1360 2649 animos
1369 2587 1427 2648 sibi

391 2672 580 2733 conciliare:
618 2674 719 2732 ¹aut'¹
741 2671 869 2754 legatos,
893 2685 946 2734 aut
960 2673 1064 2736 literas
1079 2673 1204 2748 dimisit,
1226 2684 1343 2755 petens,
1366 2674 1426 2735 ‘ne

391 2758 531 2821 ‘diutim
552 2756 752 2836 simultatum,
770 2778 836 2840 quae
855 2779 923 2821 cum
941 2771 1025 2841 patre
1046 2780 1101 2821 sno
1119 2759 1255 2837 luissent,
1270 2758 1426 2820 meminis-

390 2843 495 2906 ‘sent
507 2864 563 2905 nec
574 2843 655 2905 enim
670 2855 735 2906 tam
752 2856 871 2908 atroces
888 2845 978 2907 fuisse
997 2867 1059 2925 eas,
1071 2858 1106 2908 ut
1122 2866 1183 2909 non
1205 2865 1275 2909 cum
1287 2846 1353 2928 ipso
1369 2866 1426 2928 po·

390 2929 541 3008 ‘tuerint,
564 2948 599 2989 ac
624 2928 792 3008 debuerint,
818 2929 907 2992 finiri.
962 2929 1073 2994 Secum
1096 2932 1216 3014 quidem
1238 2933 1340 2993 onmia
1367 2931 1426 2992 illis

390 3014 607 3097 ‘integraesse
616 3014 656 3076 ad
665 3015 884 3080 instituendam
894 3016 1021 3080 fideliter
1031 3017 1216 3081 amicitiam!
1232 3017 1308 3080 Cum
1318 3016 1427 3079 Acha-

389 3122 477 3163 orum
492 3102 625 3164 inanime
639 3114 731 3182 gente
745 3103 974 3165 reconcilianda
988 3105 1094 3185 gratia
1107 3106 1185 3166 viam
1199 3105 1360 3185 quaerebat.

220 3178 362 3259 Q
432 3186 551 3250 XXlll.
585 3184 661 3248 Haec
690 3208 751 3250 una
781 3209 821 3250 ex
851 3190 933 3251 omni
959 3186 1076 3253 Graecia
1096 3212 1180 3275 gens,
1201 3202 1235 3253 et
1257 3188 1426 3251 Athenien·

220 3242 369 3360 m
388 3275 466 3337 sium
481 3274 599 3351 civitas,
621 3292 658 3336 eo
676 3288 870 3420 processerat
895 3275 1018 3355 iratum,
1040 3288 1074 3339 ut
1098 3276 1207 3339 finibus
1234 3275 1426 3338 interdiceret

220 3379 302 3421 resne
388 3359 621 3423 Macedonibus.
693 3372 782 3444 taque
809 3360 936 3423 servitiis
961 3382 999 3424 ex
1028 3363 1148 3425 Achaia
1174 3362 1356 3445 fugientibus
1379 3382 1426 3422 re·

387 3447 580 3528 ceptaculum
600 3444 786 3508 Macedonia
802 3458 887 3509 erat:
912 3448 993 3530 quia,
1016 3468 1109 3529 quum
1131 3449 1239 3512 linibus
1254 3448 1314 3510 suis
1332 3448 1426 3509 inter·

388 3532 546 3609 dixissent,
578 3531 690 3593 intrare
717 3533 803 3614 regni
826 3534 973 3595 terminos
1004 3534 1061 3616 ipsi
1089 3556 1150 3597 non
1177 3536 1337 3596 audebant.
1389 3529 1426 3593 ld

387 3636 480 3697 quum
504 3615 628 3679 Perseus
653 3618 924 3699 animadvertisset,
946 3622 1171 3702 comprehensis
1191 3621 1339 3698 omnibus,
1356 3619 1425 3680 lite·

386 3723 435 3764 ras
459 3704 534 3765 m.
558 3714 701 3782 cetarum,
726 3725 765 3765 ne
790 3704 897 3765 similis
929 3704 1002 3787 fuga
1024 3726 1176 3769 servorum
1201 3720 1307 3789 postea
1330 3705 1427 3781 heret,

385 3789 584 3872 cogitandum
606 3802 639 3851 et
663 3789 722 3849 illis
744 3809 820 3851 esse.
865 3788 1013 3853 Recitatis
1040 3793 1087 3854 his
1113 3793 1207 3855 literis
1230 3814 1283 3875 per
1305 3790 1424 3852 Xenar-

384 3875 477 3939 chum
499 3888 670 3959 pretorem,
697 3872 747 3957 qui
774 3875 895 3956 privatae
921 3877 1026 3958 gratiae
1058 3878 1176 3941 aditum
1208 3879 1289 3959 apud
1321 3896 1424 3957 regern

509 4038 600 4089 ‘Iasii
610 4039 685 4089 Gran.
696 4040 767 4089 Cres.
1096 4040 1295 4091 1ιειὶαιιείῧτοιι.

413 4161 436 4199 Ν
452 4156 523 4207 Nonis
539 4158 617 4222 lamis]
639 4161 678 4209 stc
699 4158 801 4226 reposuit
822 4158 885 4221 Sigo-
952 4162 959 4193 ¹
979 4161 1027 4209 Aut
1037 4160 1280 4226 legator,untlitteros]
1299 4159 1422 4224 Adjeceret

380 4226 441 4282 aisn,
458 4240 529 4288 quum
540 4225 601 4287 [rrius
610 4225 725 4287 legeretur
738 4226 806 4275 aaut.
839 4222 885 4271 Ni·
918 4222 1023 4287 Sigonius
1033 4228 1062 4275 ds
1072 4230 1222 4276 susidente
1233 4227 1295 4290 prius
1308 4224 1364 4273 illud
1374 4234 1422 4272 aut.

379 4288 723 4343 mirumJuliimeusisaorasn
738 4289 884 4339 academia
917 4288 1034 4339 Videatur
1044 4290 1144 4357 plumula
1156 4291 1242 4340 deesse.
1263 4289 1364 4338 Dederat
1374 4287 1423 4333 l'or·

377 4366 490 4405 suaerat.
865 4372 875 4383 ·
916 4354 1089 4405 tesselinus:
1114 4358 1150 4405 sed
1168 4359 1227 4405 circo
1243 4369 1312 4404 omma
1333 4351 1423 4401 Gracia

408 4422 430 4457 ⁹⁹
453 4417 734 4485 Patauissensium]
761 4419 882 4471 viduor.
917 4420 1023 4484 nutura,
1040 4422 1213 4485 autlegotos...

377 4485 416 4537 6³.
426 4484 454 4534 sd
464 4484 483 4537 1.
494 4494 593 4535 xxxin.
605 4497 627 4535 c.
636 4484 676 4534 32.
