3184 5225
1390 333 1399 362 Ι

499 391 577 449 urs.
597 390 695 451 xan.
716 390 798 449 car.
816 390 870 449 ιι.
1173 356 1217 462 rr

170 542 375 626 ‘tempusque
400 544 518 607 adferre
534 566 633 627 posse,
648 547 756 627 quibus
772 566 834 607 non
854 545 965 607 amissa
978 546 1070 609 modo
1086 567 1210 631 recupe-
1224 568 1258 617 υ,
1269 568 1299 617 c,
1309 568 1374 619 ssa..

171 631 181 661 ⁸
198 650 274 707 rare,
284 630 339 690 sed
355 630 509 693 timendus
521 633 602 694 ultro
613 633 648 693 iis
663 652 740 710 esse,
756 652 832 713 quos
845 651 927 693 nunc
942 632 1073 711 timeret,
1088 633 1211 716 posset?
1226 636 1256 684 A·
1267 632 1297 686 c·
1308 633 1370 682 1⁷¹*

173 714 315 779 Ceterum
331 716 428 777 multo
444 716 541 799 major
557 738 626 799 pars
641 717 795 779 ferocioris
810 718 969 779 sententiar
982 729 1066 780 erat:
1089 720 1212 791 ‘Quid-

170 802 267 881 ‘qoid
281 802 430 880 cessisset,
446 824 517 864 cum
532 825 570 865 eo
581 803 670 864 sinrul
686 824 780 884 regno
794 805 931 885 protinus
942 805 1111 866 cedendum
1126 806 1213 885 esse,'

172 885 384 949 adfirmabant.
407 886 537 970 ‘Neque
553 890 634 951 enim
649 888 806 950 Romanos
817 891 947 971 pecunia
957 901 1010 951 aut
1024 912 1097 972 agro
1108 913 1214 973 egere:

175 972 185 1005 ‘
201 972 254 1033 sed
269 973 328 1034 hoc
343 974 431 1051 scire,
456 996 548 1055 quum
562 976 666 1036 omnia
680 975 825 1052 humana,
851 986 917 1037 turn
933 976 1068 1038 maxima
1090 998 1216 1060 quaeque

174 1058 185 1089 ‘
200 1070 233 1119 et
245 1078 340 1141 regna
355 1071 387 1121 ct
401 1061 527 1142 imperia
542 1063 598 1121 sub
611 1061 730 1132 casibus
744 1062 849 1122 multis
864 1083 942 1125 esse.
975 1065 1003 1103 ⁶⁰
1016 1062 1216 1146 Karthagini·

172 1142 183 1175 ‘
197 1144 314 1205 ensium
329 1166 402 1227 opes
418 1146 543 1225 fregisse
559 1168 634 1224 sese,
650 1157 682 1208 et
696 1148 862 1208 cervicibus
877 1168 980 1209 eorum
996 1160 1217 1230 praepotentem

173 1229 184 1259 ‘
198 1228 361 1293 finitimum
377 1254 480 1313 regem
492 1233 659 1315 inposuisse
673 1255 681 1293 r
705 1232 893 1294 Antiochum
906 1234 1141 1316 progeniemque
1152 1236 1218 1318 ejus

171 1315 183 1348 ‘
199 1318 223 1354 ⁸¹
237 1316 497 1399 ultrajuga'l'auri
508 1330 669 1381 remotum.
688 1318 794 1380 Unum
806 1318 1218 1401 esseMacedonireregnum,

171 1400 182 1432 ‘
198 1412 230 1462 et
253 1404 376 1482 regione
392 1405 593 1487 propinquum
615 1416 647 1466 et
662 1404 755 1485 quod,
770 1405 904 1465 ”sicubi
920 1405 1036 1487 populo
1052 1405 1194 1468 Romano
1204 1418 1219 1447 ⁸

172 1486 252 1547 ‘sua
278 1490 401 1551 fortuna
425 1491 516 1567 labet,
544 1491 684 1571 antiquos
711 1490 829 1550 animos
855 1491 975 1571 regibus
1000 1492 1063 1552 suis
1081 1493 1220 1555 videatur

174 1573 184 1604 ‘
220 1594 288 1635 osse
303 1575 412 1637 facere.
457 1575 539 1637 Dum
554 1576 677 1656 integrae
698 1596 745 1635 res
769 1578 796 1614 ⁶³
809 1575 850 1615 *l*
867 1576 947 1657 apud
971 1578 1107 1638 animum
1131 1600 1219 1640 suum

175 1594 309 1721 ‘lema
323 1662 443 1740 debere,
468 1672 581 1739 utrum,
597 1661 716 1741 singula
731 1661 940 1738 concedendo,
962 1662 1094 1725 nudatus
1108 1663 1150 1724 ad
1164 1686 1219 1727 ex·

176 1744 330 1808 ‘tremum
347 1749 454 1830 opibus
476 1748 666 1827 extorrisque
689 1766 794 1827 regno,
820 1744 1066 1809 Samothraciam
1091 1749 1219 1812 aliamve

176 1830 293 1911 ‘quarn
309 1833 436 1894 insulam
463 1846 566 1917 petere
590 1836 628 1895 ab
655 1831 815 1909 Romanis,
838 1833 889 1893 ubi
913 1834 1045 1915 privatus
1067 1848 1219 1917 superstes

175 1916 185 1947 ‘
201 1938 294 1999 regno
310 1938 364 1979 suo
381 1920 412 1980 in
424 1930 581 1981 contemtu
594 1932 685 2001 atque
697 1919 802 1999 inopia
813 1931 1021 1997 consenescat,
1037 1921 1145 1982 malit:
1169 1943 1220 2000 aa,

174 2002 185 2034 ‘
200 2014 333 2065 annatus
347 2006 460 2067 vindex
475 2006 602 2068 fortuna
621 2005 840 2085 dignitatisque
855 2024 925 2082 suae,
951 2005 996 2067 ita
1008 2016 1044 2066 ut
1056 2007 1121 2067 viro
1146 2008 1220 2071 forti

175 2087 324 2171 ‘dignum
341 2092 390 2168 sit,
417 2093 561 2172 patiatur,
587 2092 799 2172 quodcumque
814 2110 903 2150 casus
921 2090 992 2151 belli
1008 2091 1112 2153 tulerit
1122 2116 1132 2170 3
1167 2105 1221 2155 aut

174 2174 298 2237 ‘victor
313 2176 421 2237 liberet
447 2178 552 2237 orbem
568 2189 715 2236 terrarum
743 2174 781 2234 ab
796 2175 926 2254 imperio
952 2175 1105 2239 Romano.
1149 2177 1221 2240 Non

174 2259 264 2321 ‘esse
281 2260 488 2322 admirabilius
503 2259 660 2320 Romanos
675 2256 793 2319 Graecia
808 2258 891 2339 pelli,
907 2280 999 2340 quam
1014 2261 1220 2326 Hannibalem

174 2344 293 2407 ‘ltalia
306 2346 427 2427 pulsum
443 2364 519 2406 esse.
544 2364 653 2426 neque,
676 2342 821 2419 Hercule,
837 2344 949 2422 ridere,
972 2347 1025 2425 qul
1048 2350 1220 2427 conveniat,

173 2430 184 2462 ‘
200 2431 299 2508 fratri,
316 2430 485 2493 adfectanti
500 2450 554 2511 per
569 2428 709 2509 injuriam
726 2448 864 2507 regnum,
879 2450 999 2491 summa
1012 2432 1041 2491 vi
1054 2435 1218 2513 restitisse3

170 2517 181 2550 ‘
197 2517 379 2597 alienigenis
389 2517 464 2577 benc
474 2526 563 2595 parto
574 2536 612 2575 eo
620 2516 737 2575 cedere.
753 2518 779 2553 ⁰⁴
791 2514 944 2575 Postremo
954 2516 998 2576 ita
1009 2517 1088 2578 bello
1097 2530 1130 2579 et
1142 2540 1226 2600 pace·

171 2603 180 2634 ‘
199 2602 302 2683 quaeri,
319 2613 353 2662 ut
368 2602 448 2663 inter
462 2621 568 2662 omnes
579 2600 751 2676 conveniat,
765 2620 822 2661 nec
834 2601 952 2682 turpius
963 2602 1130 2682 quidquam
1140 2627 1221 2684 esse,

173 2689 184 2722 ‘
199 2708 290 2769 quam
313 2688 379 2748 sine
395 2688 560 2748 certamine
576 2688 701 2747 cessisse
716 2705 833 2766 regno:
867 2707 924 2748 uec
940 2690 1112 2769 preclarius
1127 2693 1217 2772 quid-

174 2774 301 2855 ‘quam,
317 2793 409 2856 quarn
429 2793 485 2855 pro
506 2772 656 2852 dignitate
677 2793 713 2832 ac
737 2771 898 2852 majestate
917 2793 1041 2835 omnem
1063 2775 1216 2840 fortunam

173 2861 183 2892 ‘
198 2871 355 2942 expertum
372 2857 461 2920 esse!

216 2944 268 3006 Ll.
291 2945 390 3022 Pellae,
406 2947 438 3006 in
449 2957 551 3007 vetere
562 2945 645 3027 regia
659 2944 878 3023 Macedonum,
893 2947 953 3008 hoc
965 2948 1125 3010 consilium
1138 2963 1215 3013 erat.

173 3029 343 3092 ‘Geramus
359 3030 454 3112 ergo,'
480 3032 588 3112 inquit,
614 3030 707 3092 ‘Diis
722 3032 800 3092 bene
820 3029 1007 3112 jdvantibos,
1032 3035 1154 3114 quando
1169 3036 1217 3098 ita

173 3116 326 3193 ‘ridetur,
341 3118 453 3178 bellum
469 3115 490 3177 ε’
524 3118 675 3198 literisque
700 3118 782 3178 circa
808 3118 967 3198 prefectos
985 3120 1136 3198 dimissus,
1159 3120 1213 3182 Ci-

175 3201 252 3260 tium
277 3201 478 3278 (Macedoniae
511 3204 658 3285 oppidum
691 3203 749 3281 est)
776 3204 880 3284 copias
910 3225 1016 3265 omnes
1048 3207 1214 3268 contrahit.

175 3286 241 3366 ipse
264 3300 383 3350 centurn
416 3289 523 3350 hostiis
554 3289 701 3350 sacrificio
724 3289 866 3368 regaliter
891 3288 1099 3365 obtineres,
1122 3311 1213 3370 quarn

394 3443 396 3446 .
479 3465 482 3472 Ι
492 3421 503 3448 e
511 3415 605 3476 populus
615 3411 727 3461 Romanas
737 3413 814 3459 Grou.
823 3412 892 3460 Crer.

174 3549 178 3558 ,
206 3499 230 3534 ⁶⁰
242 3499 455 3566 Carthaginiensium
466 3502 611 3568 opesfregisss
620 3501 673 3564 sese]
739 3499 761 3533 ⁶⁴
774 3499 883 3548 Postremo
899 3503 930 3548 ita
948 3503 1001 3550 bello
1018 3511 1039 3550 et
1061 3518 1114 3563 pace
1130 3491 1216 3571 ζωαὶ]

174 3561 279 3614 Voxrese
293 3570 610 3625 redundat,etvlderurnata
627 3583 677 3616 esse
710 3565 785 3614 locor
801 3577 936 3628 comptos:
962 3569 1130 3630 cujurscasum
1146 3585 1217 3630 aegre,

73 3679 83 3700 x
172 3642 202 3678 ex
212 3633 295 3680 vitiose
303 3635 441 3696 repetitione
449 3634 581 3683 ultimarum
589 3633 678 3681 litters-
711 3631 778 3678 rerba
791 3630 924 3678 nuuomodo
940 3634 1215 3697 assequimposserpe-

171 3707 221 3744 mm
233 3698 295 3745 verbi
306 3698 468 3761 praecedentis.
711 3710 797 3744 ramos.
807 3697 925 3744 ‘Cetermn
946 3711 976 3743 ex
995 3697 1111 3758 particulis
1128 3700 1169 3748 ita.
1178 3707 1219 3747 ,ηε

205 3761 226 3796 ⁶¹
242 3761 308 3809 Ultra
316 3763 379 3828 juga
399 3762 469 3810 Tauri
484 3761 599 3822 renarras]
632 3759 680 3807 Hic
712 3755 805 3809 videtur
826 3762 903 3810 inferri
982 3775 1007 3821 e,
1034 3760 1117 3821 aliquid
1144 3761 1221 3824 priore

173 3843 273 3889 quoque,
281 3839 307 3873 or
319 3842 339 3874 c.
348 3829 389 3876 42.
405 3843 483 3892 supra,
499 3828 570 3887 magis
581 3825 680 3887 placeret
713 3826 819 3874 membro
828 3827 914 3874 dictum
950 3824 1002 3878 isse,
1010 3825 1070 3886 qaod
1079 3825 1228 3885 aliquatenus.

171 3901 272 3940 mutum.
713 3891 870 3938 adversaretur
880 3891 907 3937 iia
918 3889 1110 3952 quaciarccondo
1117 3890 1220 3939 membro

175 3941 184 3970 ⁸
207 3957 228 3990 ὓ
242 3953 316 4002 Sicubi
331 3959 424 4016 pcprrlos
440 3954 551 4003 Romanor
569 3969 609 4002 roa
624 3953 680 4018 sor·
713 3955 836 4003 dicuntur:
863 3970 953 4019 prorsus
964 3954 1027 4016 quasi
1038 3954 1107 4016 priori
1117 3957 1221 4004 membre

175 4029 231 4066 traso
248 4019 316 4081 ater]
352 4021 427 4070 Recte
448 4021 536 4067 videtur
561 4021 681 4068 emendare
730 4021 835 4067 raefixum
845 4019 1129 4080 enetrbquumomlreri
1139 4028 1220 4069 tamer.

174 4081 288 4139 clerieo,
307 4084 381 4132 Sicubi
408 4088 488 4146 populo
519 4081 617 4132 Raucae
641 4099 682 4130 ma
713 4036 795 4147 ltaque
817 4086 964 4149 suspicamur
983 4083 1043 4132 hane
1069 4084 1138 4132 sulm
1161 4085 1219 4134 Livii
1266 4105 1277 4116 .

164 4147 264 4210 sarm
290 4150 354 4198 labet.
387 4149 465 4211 Atque
493 4148 515 4194 id
540 4149 631 4209 quidem
652 4163 681 4195 eo
713 4161 825 4204 mentem,
839 4162 865 4196 ur
877 4147 1003 4208 significare
1013 4149 1119 4206 voluerit,
1134 4151 1219 4213 itepo-

172 4213 260 4261 facilius
277 4215 367 4262 admisti
387 4213 464 4272 deber,
484 4213 543 4272 qood
555 4211 584 4260 P.
595 4211 626 4261 lt.
641 4225 681 4260 aut
713 4214 794 4261 tiorem
807 4228 855 4260 csse
867 4214 928 4260 bello
938 4228 1027 4276 pacem,
1037 4223 1149 4263 attamen
1160 4218 1220 4262 irater

171 4279 250 4326 additis
260 4280 457 4342 proculislirteris
473 4276 530 4337 Pop.
549 4276 613 4328 Rom.
628 4277 683 4326 scri-
715 4293 786 4326 omno
795 4281 917 4336 emuntur,
928 4287 969 4325 etc.

173 4342 227 4390 bere
238 4345 306 4404 vulgo
316 4345 429 4392 solebant.
746 4340 769 4374 ⁶⁵
781 4341 898 4400 Minervae,
924 4358 991 4402 qrrum
1011 4335 1088 4390 uniant
1108 4341 1218 4404 Alciden]

204 4405 226 4442 ⁶⁵
235 4408 285 4456 Sint
300 4409 408 4473 agitare]
430 4407 481 4455 Har
492 4407 547 4454 duas
556 4421 624 4456 voces
639 4407 680 4455 ad·
714 4405 840 4453 Probabilis
849 4408 940 4454 ridetur
954 4406 1058 4455 Turncbi
1075 4406 1216 4469 eonjeuura,

171 4471 223 4535 nar
233 4473 338 4535 Sigonius
348 4472 554 4562 expressionum.
714 4471 753 4533 qui
763 4471 975 4536 legissemus,
992 4473 1016 4522 a
1026 4485 1071 4532 en,
1081 4472 1163 4536 popio
1178 4485 1216 4517 ’ὑ
