3184 5225
530 277 609 339 ΠΒ.
628 276 723 339 XLV.
744 278 826 340 CAP.
846 276 887 337 Χ.
1169 285 1227 345 177

163 430 175 464 ‘
191 430 324 493 demum
339 429 384 495 vir
398 432 467 511 erit,
481 431 568 516 enjus
583 435 717 497 animum
728 454 786 495 nec
799 451 943 514 prospera
951 430 1025 509 llatq
1035 449 1092 491 suo
1100 430 1217 508 efferet,
1232 435 1265 487 U·
1278 436 1306 485 C·
1317 440 1377 488 ⁵8⁴.

164 518 178 553 ‘
193 536 258 579 nec
276 519 403 581 adversa
417 518 583 601 infringet!
628 518 764 583 Caruilio
780 518 917 595 dimisso,
929 516 1035 579 tuendi
1050 537 1121 578 cura
1136 517 1216 599 regis
1229 502 1259 551 A.
1272 502 1300 552 ⁰·
1312 503 1366 553 ¹⁶⁸·

164 598 207 673 Q.
223 600 315 665 AElio
339 605 510 669 mandatur.
553 605 600 667 Eo
616 606 665 667 die
681 618 712 669 et
733 604 879 666 invitatus
902 603 943 665 ad
964 603 1118 664 consulem
1144 602 1216 665 Per·
1255 677 1265 690 .

163 710 249 767 sens,
263 701 297 751 et
311 688 387 753 alins
402 693 502 753 omnis
517 692 545 753 ei
560 693 657 754 honos
681 691 801 753 habitus
816 700 875 768 est,
899 689 950 770 qni
975 688 1080 749 haberi
1104 689 1136 749 in
1160 690 1214 752 tali

161 774 297 838 fortuna
311 788 443 859 poterat.

209 860 273 924 IX.
288 862 446 926 Exercitus
462 864 572 927 deinde
595 865 626 926 in
651 864 780 926 hiberna
803 858 943 925 dimissus
968 873 1027 923 est.
1048 860 1214 923 maximam
1228 864 1369 943 Reunihst·

160 960 293 1029 partem
314 950 472 1033 copiarum
494 950 698 1033 Amphipolis,
740 950 869 1030 reliquas
909 949 1084 1031 propinqua
1124 948 1213 1009 urbes
1226 932 1368 1045 atomon-

161 1048 368 1116 acceperunt.
403 1034 464 1099 Hic
479 1036 547 1099 finis
562 1036 645 1115 belli,
666 1056 758 1117 quum
775 1034 1007 1115 quadriennium
1034 1033 1221 1095 continuumv
1246 1030 1271 1095 .“

161 1120 321 1183 bellatum
336 1134 426 1200 esset,
441 1124 518 1185 inter
533 1122 687 1185 Romanos
703 1143 739 1182 ac
762 1121 870 1182 Persea
889 1120 964 1181 fuit:
987 1118 1129 1200 idemque
1144 1119 1213 1182 linis

161 1205 271 1269 incliti
289 1211 316 1249 ’ὅ
327 1230 379 1291 per
394 1208 522 1292 Europae
537 1210 713 1291 plerumque
740 1200 832 1287 atque
846 1205 952 1267 Asiam
967 1226 1091 1268 omnem
1117 1206 1212 1287 regni.

160 1294 188 1331 ³⁸
202 1289 401 1357 Vicesimum
424 1295 464 1356 ab
485 1294 617 1370 Carano,
640 1295 689 1375 qui
715 1292 829 1375 primus
854 1292 1001 1373 regnavit,
1027 1291 1134 1353 Persea
1155 1312 1213 1353 nn-

160 1380 344 1441 merabant.
388 1379 523 1457 Perseus,
547 1380 585 1451 Q.
601 1379 717 1457 Fulvio,
743 1376 778 1439 1..
793 1376 912 1439 Manlio
937 1378 1120 1455 consulibus,
1145 1399 1214 1458 reg*-

162 1484 243 1527 num
274 1466 422 1546 accepite
447 1487 466 1527 a
489 1478 596 1527 senatu
621 1488 674 1527 rex
704 1477 751 1526 est
776 1464 957 1545 adpellatus,
981 1461 1027 1525 hl.
1047 1461 1151 1540 Junio,
1173 1465 1213 1525 A.

163 1546 297 1613 Manlio
322 1552 516 1613 consulibus:
542 1552 678 1633 regnavit
703 1549 843 1612 undecim
859 1570 963 1611 annos.
1007 1547 1214 1611 Macedonum

164 1636 306 1697 obscura
320 1638 486 1699 admodum
501 1638 585 1699 fama
598 1658 693 1718 usqne
708 1636 747 1698 ad
770 1633 942 1718 Philippum
957 1634 1098 1721 Amynta
1119 1635 1215 1696 filium

162 1720 248 1783 fnit:
278 1724 349 1785 inde
364 1744 401 1785 ac
415 1745 470 1806 per
484 1744 552 1785 enm
578 1744 712 1785 crescere
737 1741 830 1803 quum
853 1722 1005 1805 coepisset,
1031 1722 1157 1803 Europae
1182 1742 1215 1783 se

163 1819 283 1870 tamen
299 1809 407 1872 linibus
423 1810 584 1887 continuit,
599 1808 748 1871 Graeciam
762 1828 885 1870 omnem
901 1807 951 1869 et¹
973 1820 1091 1891 partem
1114 1807 1215 1869 Thra-

163 1895 223 1956 ciae
239 1905 336 1977 atque
349 1894 461 1979 lllyrici
478 1897 627 1979 amplexa.
672 1892 851 1977 Superfndit
865 1894 975 1956 deinde
990 1916 1023 1955 se
1041 1895 1073 1956 in
1087 1895 1212 1957 Asiam:

165 1991 201 2042 ct
215 1981 371 2045 tredecim
386 1984 485 2061 annis,
514 1984 621 2065 quibus
636 1980 812 2043 Alexander
831 1982 978 2062 regnavit,
1002 1981 1133 2063 primum
1147 2002 1216 2043 om·

165 2068 233 2146 nia,
251 2088 317 2149 qua
332 2066 489 2131 Persarum
515 2089 610 2151 prope
634 2068 771 2129 inmenso
798 2068 899 2149 spatio
923 2068 1083 2149 imperium
1108 2068 1226 2143 fuerat,

166 2172 233 2215 suae
251 2154 480 2237 ditionisqsccit.
524 2155 641 2216 Arabas
656 2154 728 2215 hinc
745 2151 935 2236 Indiamque,
959 2156 1056 2234 ³⁷qun
1071 2166 1227 2215 terrarum.

167 2238 302 2301 ultimus
331 2238 399 2301 linis
428 2240 565 2302 Rubrum
594 2260 677 2301 mare
707 2239 911 2321 amplectitur,
940 2240 1120 2321 peragrant.
1152 2251 1218 2301 tum

165 2326 348 2387 maximum
377 2326 408 2387 in
435 2326 520 2388 terris
546 2324 752 2387 Macedonum
774 2346 900 2405 regnum
930 2346 1123 2406 nomenque3
1147 2325 1219 2387 inde

165 2422 278 2473 morte
302 2410 469 2473 Alexandri
492 2412 671 2475 distractum
694 2412 726 2472 in
749 2412 847 2473 multa
879 2432 984 2493 regna,
1014 2410 1086 2471 dum
1116 2410 1156 2471 ad
1184 2432 1218 2471 se

168 2496 305 2579 quiaque
327 2518 402 2579 opes
428 2498 560 2580 rapiunt,
583 2500 610 2537 ³⁸
623 2498 789 2559 lacerantes
814 2497 947 2560 viribus:
971 2517 991 2556 a
1014 2516 1133 2557 summo
1154 2497 1233 2558 cul--

168 2583 255 2646 mine
274 2582 403 2646 fortunae
417 2584 457 2646 ad
473 2584 612 2647 ultimum
629 2582 720 2646 linem
737 2595 861 2646 centnm
876 2582 1096 2665 quinquaginta
1122 2602 1218 2645 minos

167 2671 276 2732 stetit.
797 2720 805 2727 -
1237 2683 1246 2694 ”

212 2752 259 2816 Χ.
276 2751 421 2816 Victoriae
446 2752 592 2816 Romana
615 2756 697 2818 fama
722 2777 817 2839 qunm
842 2758 1020 2840 pervasisset
1046 2758 1077 2819 in
1099 2759 1218 2840 Asiam,

171 2837 328 2917 Antenor,
344 2839 479 2920 quicum
503 2841 598 2903 classe
623 2841 791 2904 lemborum
815 2843 855 2906 ad
878 2843 997 2906 Phanas
1012 2846 1124 2923 stabat,
1140 2845 1219 2910 Cas-

170 2926 330 2987 sandriam
346 2924 417 2987 inde
433 2925 564 3012 trajecit.
609 2925 645 2988 C.
660 2926 818 3011 Popillius,
843 2930 895 3011 qni
919 2931 958 2992 ad
980 2930 1091 2993 Delum
1113 2935 1217 3015 praesi-

172 3009 226 3070 dio
249 3011 375 3074 navibus
391 3009 609 3073 Macedoniam
635 3015 807 3096 petentibus
829 3027 904 3093 erat,
926 3029 1090 3098 postquam
1110 3019 1217 3080 debel-

173 3093 273 3156 latum
297 3097 328 3158 in
352 3095 548 3175 Macedonia,
568 3109 601 3158 et
626 3099 757 3162 statione
778 3101 935 3162 submotos
950 3102 1084 3164 hostium
1099 3103 1219 3166 lembos

177 3181 305 3258 audivit,
326 3182 455 3244 dimissis
471 3194 503 3245 et
519 3183 584 3265 ipse
598 3181 710 3246 Atticis
726 3186 863 3263 navibus,
886 3185 925 3247 ad
940 3199 1110 3269 susceptam
1130 3189 1215 3269 lega·

172 3265 293 3328 tionem
323 3269 525 3351 peragendam
552 3269 693 3350 navigare
720 3267 891 3352 AEgyptum
921 3273 1043 3354 pergit:
1068 3284 1103 3334 ut
1131 3276 1215 3355 prius

172 3351 335 3415 obcurrcre
359 3355 516 3418 Antiocho
545 3365 658 3436 posset,
688 3373 779 3435 quam
807 3355 848 3416 ad
876 3355 1076 3419 Alexandreae
1101 3361 1215 3423 moenia

173 3439 345 3502 accederet.
390 3440 490 3510 Quum
506 3439 792 3523 praeterveherentur
807 3440 912 3503 Asiam
934 3443 1039 3522 legati,
1061 3456 1093 3507 et
1117 3444 1219 3514 loru·-

170 3542 224 3585 ma
236 3526 400 3605 venissent,
426 3526 477 3608 qui
502 3537 606 3608 portus
632 3526 739 3607 viginti
766 3527 869 3609 paullo
896 3529 1024 3610 amplius
1052 3531 1149 3598 millia
1173 3517 1216 3596 ab

172 3607 285 3674 Rhodo
298 3613 397 3692 abest,
418 3633 456 3674 ex
475 3612 601 3676 adverso
616 3613 683 3674 urbi
699 3612 757 3695 ipsi
777 3613 893 3696 positus
903 3636 914 3694 3
941 3615 1098 3699 principes
1123 3616 1210 3689 Rho·
1224 3630 1331 3687 Rhasum
1340 3644 1387 3691 na

1223 3703 1323 3755 vitemur
1333 3707 1369 3754 le-

1221 3772 1266 3830 gati
1279 3770 1366 3820 Rome·

202 3849 225 3885 ³³
238 3849 282 3898 Per
297 3849 481 3914 pampano
511 3851 532 3914 ι]
567 3849 613 3900 Per
623 3867 672 3900 ma·
736 3851 759 3890 ³⁷
771 3851 823 3906 θνα
833 3863 942 3905 terranem
956 3857 1049 3909 altimus
1059 3863 1128 3927 finis]
1150 3867 1201 3917 lmo
1221 3850 1303 3910 mm
1314 3837 1342 3884 'd

169 3913 244 3976 iorem
255 3915 352 3980 Europe
362 3928 458 3979 partem.
503 3917 672 3978 nonposs-
704 3928 731 3966 nt
741 3931 805 3968 recte
816 3921 872 3969 uidit
883 3922 1021 3988 Gronovius,
1037 3943 1081 3990 quo
1098 3905 1209 3982 tammo:
1220 3902 1369 3954 ΛΜΝ·
1431 3972 1437 3984 ,

169 3979 545 4040 νομᾱίιὶιῐιίνίυι,ιιῑ8111υιιίυι
555 3981 672 4044 iulugur-
704 3983 790 4031 ultimos
798 3983 859 4046 fines
879 3985 979 4037 llabrnre
994 3997 1207 4056 memplaen'ror.

170 4044 604 4160 rhpsplpsmqnsmcgcbsroonrnq}
655 4083 668 4110 ·.
704 4047 978 4160 R⁰b¹¹1¹¹¹²fl¹¹¹⁰¹¹¹l¹¹‘
999 4055 1094 4134 intelligi
1110 4077 1125 4107 a
1143 4063 1207 4113 urio

170 4189 209 4225 rm
224 4127 372 4226 hredmdunhld
393 4109 539 4224 meadlrllrll]
559 4127 672 4236 Jmtlrhr:
703 4115 895 4226 :Adidangllum
920 4119 969 4178 lm
994 4135 1122 4174 mmmmm
1140 4128 1168 4176 'd
1187 4129 1205 4180 ¹⁸

167 4238 185 4288 l.
204 4253 300 4290 xxxin.
323 4257 344 4290 c.
366 4245 391 4290 2.
414 4240 506 4302 triginta
528 4238 670 4290 Mreedonie
734 4240 899 4291 ”haram
919 4247 1012 4312 nna]
1059 4252 1120 4318 1330
1152 4273 1206 4308 mm

169 4319 232 4366 reget
247 4319 368 4385 numeret:
389 4305 501 4357 Eruebias
511 4305 534 4354 in
546 4303 671 4367 Chronico,
701 4304 830 4370 Gronorio,
840 4309 1039 4368 montanea,

169 4383 248 4420 mem
259 4380 285 4420 ss
295 4374 396 4434 nisinun

208 4457 284 4505 vot..
306 4459 354 4506 lv.
720 4461 745 4512 Ι(

557 3739 618 3789 ¹etl.
628 3739 735 3794 acGron.
747 3741 817 3793 Cres.
