<?xml version="1.0" encoding="UTF-8"?>
<!DOCTYPE html PUBLIC "-//W3C//DTD XHTML 1.0 Transitional//EN"
    "http://www.w3.org/TR/xhtml1/DTD/xhtml1-transitional.dtd">
<html xmlns="http://www.w3.org/1999/xhtml" xml:lang="en" lang="en">
 <head>
  <title>
</title>
<meta http-equiv="Content-Type" content="text/html;charset=utf-8" />
  <meta name='ocr-system' content='tesseract 3.04.00' />
  <meta name='ocr-capabilities' content='ocr_page ocr_carea ocr_par ocr_line ocrx_word'/>
</head>
<body>
  <div class='ocr_page' id='page_1' title='image "./tliviipatavinih02grongoog_0224.png"; bbox 0 0 3184 5225; ppageno 0'>
   <div class='ocr_carea' id='block_1_1' title="bbox 209 524 357 647">
    <p class='ocr_par' dir='ltr' id='par_1_1' title="bbox 209 524 357 647">
     <span class='ocr_line' id='line_1_1' title="bbox 209 524 357 582; baseline -0.014 -7"><span class='ocrx_word' id='word_1_1' title='bbox 209 524 243 582; x_wconf 79' lang='lat' dir='ltr'><strong>ll.</strong></span> <span class='ocrx_word' id='word_1_2' title='bbox 256 527 286 575; x_wconf 85' lang='lat' dir='ltr'><strong>C.</strong></span> <span class='ocrx_word' id='word_1_3' title='bbox 300 526 357 574; x_wconf 79' lang='lat'><strong>585.</strong></span> 
     </span>
     <span class='ocr_line' id='line_1_2' title="bbox 209 589 353 647; baseline -0.069 0"><span class='ocrx_word' id='word_1_4' title='bbox 209 590 242 647; x_wconf 73' lang='grc' dir='ltr'><strong>Α.</strong></span> <span class='ocrx_word' id='word_1_5' title='bbox 255 593 285 643; x_wconf 83' lang='lat' dir='ltr'><strong>C.</strong></span> <span class='ocrx_word' id='word_1_6' title='bbox 300 589 353 640; x_wconf 79' lang='lat'><strong>167.</strong></span> 
     </span>
    </p>
   </div>
   <div class='ocr_carea' id='block_1_2' title="bbox 212 698 326 817">
    <p class='ocr_par' dir='ltr' id='par_1_2' title="bbox 212 698 326 817">
     <span class='ocr_line' id='line_1_3' title="bbox 213 698 315 777; baseline 0 -28"><span class='ocrx_word' id='word_1_7' title='bbox 213 698 315 777; x_wconf 63' lang='lat' dir='ltr'><strong>Gentim</strong></span> 
     </span>
     <span class='ocr_line' id='line_1_4' title="bbox 212 780 326 817; baseline -0.035 0"><span class='ocrx_word' id='word_1_8' title='bbox 212 780 267 817; x_wconf 84' lang='lat' dir='ltr'><strong>cum</strong></span> <span class='ocrx_word' id='word_1_9' title='bbox 278 780 326 814; x_wconf 76' lang='lat' dir='ltr'><strong>auu</strong></span> 
     </span>
    </p>
   </div>
   <div class='ocr_carea' id='block_1_3' title="bbox 102 830 346 901">
    <p class='ocr_par' dir='ltr' id='par_1_3' title="bbox 102 830 346 901">
     <span class='ocr_line' id='line_1_5' title="bbox 102 830 346 901; baseline -0.012 -20"><span class='ocrx_word' id='word_1_10' title='bbox 102 890 108 901; x_wconf 41' lang='grc' dir='ltr'><strong><em>Ι</em></strong></span> <span class='ocrx_word' id='word_1_11' title='bbox 213 830 346 896; x_wconf 73' lang='lat' dir='ltr'>Spoletium</span> 
     </span>
    </p>
   </div>
   <div class='ocr_carea' id='block_1_4' title="bbox 213 896 373 1075">
    <p class='ocr_par' dir='ltr' id='par_1_4' title="bbox 213 896 373 1075">
     <span class='ocr_line' id='line_1_6' title="bbox 213 896 306 953; baseline -0.022 -8"><span class='ocrx_word' id='word_1_12' title='bbox 213 896 306 953; x_wconf 67' lang='lat' dir='ltr'><strong>mim»,</strong></span> 
     </span>
     <span class='ocr_line' id='line_1_7' title="bbox 215 961 329 1037; baseline 0 -28"><span class='ocrx_word' id='word_1_13' title='bbox 215 972 266 1037; x_wconf 77' lang='lat' dir='ltr'><strong>tum</strong></span> <span class='ocrx_word' id='word_1_14' title='bbox 274 961 329 1021; x_wconf 78' lang='lat' dir='ltr'><strong>lgu·</strong></span> 
     </span>
     <span class='ocr_line' id='line_1_8' title="bbox 215 1040 373 1075; baseline -0.013 0"><span class='ocrx_word' id='word_1_15' title='bbox 215 1040 286 1075; x_wconf 46' lang='lat' dir='ltr'><strong>Smne</strong></span> <span class='ocrx_word' id='word_1_16' title='bbox 370 1044 373 1051; x_wconf 62' lang='lat'><strong>⁴</strong></span> 
     </span>
    </p>
   </div>
   <div class='ocr_carea' id='block_1_5' title="bbox 380 308 1008 423">
    <p class='ocr_par' dir='ltr' id='par_1_5' title="bbox 380 308 1008 423">
     <span class='ocr_line' id='line_1_9' title="bbox 380 308 1008 423; baseline -0.013 0"><span class='ocrx_word' id='word_1_17' title='bbox 380 368 439 423; x_wconf 70' lang='lat'><strong>216</strong></span> <span class='ocrx_word' id='word_1_18' title='bbox 475 308 479 315; x_wconf 94' lang='lat'>·</span> <span class='ocrx_word' id='word_1_19' title='bbox 803 356 1008 417; x_wconf 76' lang='lat' dir='ltr'>T1T1L1v11</span> 
     </span>
    </p>
   </div>
   <div class='ocr_carea' id='block_1_6' title="bbox 386 508 1448 1549">
    <p class='ocr_par' dir='ltr' id='par_1_6' title="bbox 386 508 1448 1273">
     <span class='ocr_line' id='line_1_10' title="bbox 390 508 1442 603; baseline -0.006 -21"><span class='ocrx_word' id='word_1_20' title='bbox 390 530 587 603; x_wconf 85' lang='lat' dir='ltr'><strong>gentumque,</strong></span> <span class='ocrx_word' id='word_1_21' title='bbox 610 514 692 597; x_wconf 91' lang='lat' dir='ltr'><strong>quod</strong></span> <span class='ocrx_word' id='word_1_22' title='bbox 716 508 748 575; x_wconf 88' lang='lat' dir='ltr'><strong>iu</strong></span> <span class='ocrx_word' id='word_1_23' title='bbox 769 513 908 576; x_wconf 85' lang='lat' dir='ltr'><strong>aerarium</strong></span> <span class='ocrx_word' id='word_1_24' title='bbox 931 512 972 576; x_wconf 89' lang='lat' dir='ltr'><strong>sit</strong></span> <span class='ocrx_word' id='word_1_25' title='bbox 992 511 1110 573; x_wconf 86' lang='lat' dir='ltr'><strong>lutum:</strong></span> <span class='ocrx_word' id='word_1_26' title='bbox 1146 510 1230 592; x_wconf 92' lang='lat' dir='ltr'><strong>quod</strong></span> <span class='ocrx_word' id='word_1_27' title='bbox 1260 512 1332 593; x_wconf 89' lang='lat' dir='ltr'><strong>quia</strong></span> <span class='ocrx_word' id='word_1_28' title='bbox 1359 514 1442 576; x_wconf 86' lang='lat' dir='ltr'><strong>unde</strong></span> 
     </span>
     <span class='ocr_line' id='line_1_11' title="bbox 391 599 1445 687; baseline -0.008 -18"><span class='ocrx_word' id='word_1_29' title='bbox 391 606 488 687; x_wconf 85' lang='lat' dir='ltr'>redigi</span> <span class='ocrx_word' id='word_1_30' title='bbox 505 602 650 686; x_wconf 89' lang='lat' dir='ltr'><strong>potuerit,</strong></span> <span class='ocrx_word' id='word_1_31' title='bbox 665 621 728 665; x_wconf 91' lang='lat' dir='ltr'><strong>non</strong></span> <span class='ocrx_word' id='word_1_32' title='bbox 744 599 924 683; x_wconf 78' lang='lat' dir='ltr'>adparebat,</span> <span class='ocrx_word' id='word_1_33' title='bbox 939 609 1095 660; x_wconf 80' lang='lat' dir='ltr'><strong>auctorem</strong></span> <span class='ocrx_word' id='word_1_34' title='bbox 1110 618 1215 679; x_wconf 91' lang='lat' dir='ltr'><strong>prore</strong></span> <span class='ocrx_word' id='word_1_35' title='bbox 1231 600 1331 680; x_wconf 86' lang='lat' dir='ltr'><strong>posui.</strong></span> <span class='ocrx_word' id='word_1_36' title='bbox 1374 599 1445 661; x_wconf 85' lang='lat' dir='ltr'><strong>Rex</strong></span> 
     </span>
     <span class='ocr_line' id='line_1_12' title="bbox 391 682 1446 769; baseline -0.007 -15"><span class='ocrx_word' id='word_1_37' title='bbox 391 690 523 755; x_wconf 86' lang='lat' dir='ltr'><strong>Gentius</strong></span> <span class='ocrx_word' id='word_1_38' title='bbox 539 709 609 750; x_wconf 92' lang='lat' dir='ltr'><strong>cum</strong></span> <span class='ocrx_word' id='word_1_39' title='bbox 624 687 737 766; x_wconf 88' lang='lat' dir='ltr'><strong>liberis,</strong></span> <span class='ocrx_word' id='word_1_40' title='bbox 753 698 785 749; x_wconf 88' lang='lat' dir='ltr'><strong>et</strong></span> <span class='ocrx_word' id='word_1_41' title='bbox 800 685 942 769; x_wconf 87' lang='lat' dir='ltr'><strong>conjuge,</strong></span> <span class='ocrx_word' id='word_1_42' title='bbox 957 695 990 746; x_wconf 86' lang='lat' dir='ltr'><strong>et</strong></span> <span class='ocrx_word' id='word_1_43' title='bbox 1004 683 1096 745; x_wconf 81' lang='lat' dir='ltr'><strong>fratre</strong></span> <span class='ocrx_word' id='word_1_44' title='bbox 1120 682 1293 766; x_wconf 80' lang='lat' dir='ltr'>Spoletium</span> <span class='ocrx_word' id='word_1_45' title='bbox 1317 686 1350 747; x_wconf 92' lang='lat' dir='ltr'><strong>in</strong></span> <span class='ocrx_word' id='word_1_46' title='bbox 1374 706 1446 747; x_wconf 68' lang='lat' dir='ltr'><strong>eus</strong></span> 
     </span>
     <span class='ocr_line' id='line_1_13' title="bbox 392 769 1447 853; baseline -0.007 -13"><span class='ocrx_word' id='word_1_47' title='bbox 392 778 512 841; x_wconf 85' lang='lat' dir='ltr'><strong>todiam</strong></span> <span class='ocrx_word' id='word_1_48' title='bbox 537 796 576 837; x_wconf 89' lang='lat' dir='ltr'><strong>ex</strong></span> <span class='ocrx_word' id='word_1_49' title='bbox 597 773 863 837; x_wconf 86' lang='lat' dir='ltr'><strong>senatusconsulto</strong></span> <span class='ocrx_word' id='word_1_50' title='bbox 886 772 1007 847; x_wconf 87' lang='lat' dir='ltr'><strong>ductus,</strong></span> <span class='ocrx_word' id='word_1_51' title='bbox 1034 772 1128 833; x_wconf 80' lang='lat' dir='ltr'><strong>ceteri</strong></span> <span class='ocrx_word' id='word_1_52' title='bbox 1154 771 1267 853; x_wconf 85' lang='lat' dir='ltr'><strong>captivi</strong></span> <span class='ocrx_word' id='word_1_53' title='bbox 1288 769 1395 833; x_wconf 75' lang='lat' dir='ltr'><strong>Rome</strong></span> <span class='ocrx_word' id='word_1_54' title='bbox 1413 772 1447 834; x_wconf 91' lang='lat' dir='ltr'><strong>in</strong></span> 
     </span>
     <span class='ocr_line' id='line_1_14' title="bbox 391 854 1447 944; baseline -0.008 -18"><span class='ocrx_word' id='word_1_55' title='bbox 391 882 546 927; x_wconf 81' lang='lat' dir='ltr'><strong>carcerem</strong></span> <span class='ocrx_word' id='word_1_56' title='bbox 579 860 732 944; x_wconf 85' lang='lat' dir='ltr'><strong>conjecti:</strong></span> <span class='ocrx_word' id='word_1_57' title='bbox 767 859 1037 938; x_wconf 77' lang='lat' dir='ltr'><strong>recusantibusque</strong></span> <span class='ocrx_word' id='word_1_58' title='bbox 1064 857 1235 919; x_wconf 77' lang='lat' dir='ltr'><strong>custodiam</strong></span> <span class='ocrx_word' id='word_1_59' title='bbox 1267 854 1447 940; x_wconf 77' lang='lat' dir='ltr'><strong>Spoletinis,</strong></span> 
     </span>
     <span class='ocr_line' id='line_1_15' title="bbox 392 941 1448 1031; baseline -0.006 -20"><span class='ocrx_word' id='word_1_60' title='bbox 392 948 611 1031; x_wconf 81' lang='lat' dir='ltr'><strong>²³lgiturvium</strong></span> <span class='ocrx_word' id='word_1_61' title='bbox 641 968 728 1029; x_wconf 85' lang='lat' dir='ltr'><strong>reges</strong></span> <span class='ocrx_word' id='word_1_62' title='bbox 755 946 899 1009; x_wconf 88' lang='lat' dir='ltr'><strong>traducti.</strong></span> <span class='ocrx_word' id='word_1_63' title='bbox 927 943 1106 1024; x_wconf 74' lang='lat' dir='ltr'><strong>&#39;Reliquum</strong></span> <span class='ocrx_word' id='word_1_64' title='bbox 1129 964 1169 1005; x_wconf 84' lang='lat' dir='ltr'><strong>ex</strong></span> <span class='ocrx_word' id='word_1_65' title='bbox 1191 941 1313 1027; x_wconf 86' lang='lat' dir='ltr'><strong>illyrico</strong></span> <span class='ocrx_word' id='word_1_66' title='bbox 1338 944 1448 1026; x_wconf 72' lang='lat' dir='ltr'><strong>prede</strong></span> 
     </span>
     <span class='ocr_line' id='line_1_16' title="bbox 391 1027 1447 1117; baseline -0.005 -19"><span class='ocrx_word' id='word_1_67' title='bbox 391 1036 521 1099; x_wconf 88' lang='lat' dir='ltr'><strong>ducenti</strong></span> <span class='ocrx_word' id='word_1_68' title='bbox 550 1034 658 1117; x_wconf 87' lang='lat' dir='ltr'><strong>viginti</strong></span> <span class='ocrx_word' id='word_1_69' title='bbox 689 1033 780 1095; x_wconf 89' lang='lat' dir='ltr'><strong>lembi</strong></span> <span class='ocrx_word' id='word_1_70' title='bbox 811 1045 915 1109; x_wconf 82' lang='lat' dir='ltr'><strong>erant3</strong></span> <span class='ocrx_word' id='word_1_71' title='bbox 944 1030 984 1092; x_wconf 89' lang='lat' dir='ltr'><strong>de</strong></span> <span class='ocrx_word' id='word_1_72' title='bbox 1013 1027 1128 1091; x_wconf 90' lang='lat' dir='ltr'><strong>Gentio</strong></span> <span class='ocrx_word' id='word_1_73' title='bbox 1158 1050 1230 1111; x_wconf 88' lang='lat' dir='ltr'><strong>rege</strong></span> <span class='ocrx_word' id='word_1_74' title='bbox 1255 1042 1361 1112; x_wconf 87' lang='lat' dir='ltr'><strong>captos</strong></span> <span class='ocrx_word' id='word_1_75' title='bbox 1391 1051 1447 1093; x_wconf 87' lang='lat' dir='ltr'><strong>eos</strong></span> 
     </span>
     <span class='ocr_line' id='line_1_17' title="bbox 391 1114 1448 1205; baseline -0.006 -20"><span class='ocrx_word' id='word_1_76' title='bbox 391 1122 565 1205; x_wconf 86' lang='lat' dir='ltr'><strong>Corcyraeis</strong></span> <span class='ocrx_word' id='word_1_77' title='bbox 574 1132 597 1199; x_wconf 85' lang='lat'><strong>¹,</strong></span> <span class='ocrx_word' id='word_1_78' title='bbox 612 1131 645 1183; x_wconf 88' lang='lat' dir='ltr'><strong>et</strong></span> <span class='ocrx_word' id='word_1_79' title='bbox 657 1119 914 1202; x_wconf 83' lang='lat' dir='ltr'><strong>Apolloniatibus,</strong></span> <span class='ocrx_word' id='word_1_80' title='bbox 937 1129 971 1181; x_wconf 88' lang='lat' dir='ltr'><strong>et</strong></span> <span class='ocrx_word' id='word_1_81' title='bbox 993 1114 1195 1201; x_wconf 81' lang='lat' dir='ltr'><strong>Dyrrachinis</strong></span> <span class='ocrx_word' id='word_1_82' title='bbox 1209 1115 1248 1186; x_wconf 86' lang='lat' dir='ltr'><strong>Q.</strong></span> <span class='ocrx_word' id='word_1_83' title='bbox 1267 1115 1389 1179; x_wconf 86' lang='lat' dir='ltr'><strong>Cassius</strong></span> <span class='ocrx_word' id='word_1_84' title='bbox 1404 1137 1448 1179; x_wconf 88' lang='lat' dir='ltr'><strong>ex</strong></span> 
     </span>
     <span class='ocr_line' id='line_1_18' title="bbox 386 1206 782 1273; baseline -0.013 0"><span class='ocrx_word' id='word_1_85' title='bbox 386 1207 649 1273; x_wconf 86' lang='lat' dir='ltr'><strong>senatusconsulta</strong></span> <span class='ocrx_word' id='word_1_86' title='bbox 663 1206 782 1269; x_wconf 86' lang='lat' dir='ltr'><strong>tribuit.</strong></span> 
     </span>
    </p>

    <p class='ocr_par' dir='ltr' id='par_1_7' title="bbox 387 1290 1440 1549">
     <span class='ocr_line' id='line_1_19' title="bbox 429 1290 1436 1375; baseline -0.005 -18"><span class='ocrx_word' id='word_1_87' title='bbox 429 1292 543 1357; x_wconf 85' lang='lat' dir='ltr'><strong>XLlV.</strong></span> <span class='ocrx_word' id='word_1_88' title='bbox 566 1292 714 1356; x_wconf 85' lang='lat' dir='ltr'><strong>Consules</strong></span> <span class='ocrx_word' id='word_1_89' title='bbox 740 1314 777 1355; x_wconf 92' lang='lat' dir='ltr'><strong>eo</strong></span> <span class='ocrx_word' id='word_1_90' title='bbox 802 1312 895 1370; x_wconf 90' lang='lat' dir='ltr'><strong>anno,</strong></span> <span class='ocrx_word' id='word_1_91' title='bbox 918 1313 993 1375; x_wconf 87' lang='lat' dir='ltr'><strong>agro</strong></span> <span class='ocrx_word' id='word_1_92' title='bbox 1019 1302 1140 1354; x_wconf 88' lang='lat' dir='ltr'><strong>tantum</strong></span> <span class='ocrx_word' id='word_1_93' title='bbox 1165 1290 1307 1373; x_wconf 82' lang='lat' dir='ltr'><strong>Ligurum</strong></span> <span class='ocrx_word' id='word_1_94' title='bbox 1334 1310 1436 1373; x_wconf 91' lang='lat' dir='ltr'><strong>popu·</strong></span> 
     </span>
     <span class='ocr_line' id='line_1_20' title="bbox 387 1376 1440 1463; baseline -0.006 -18"><span class='ocrx_word' id='word_1_95' title='bbox 387 1384 463 1461; x_wconf 82' lang='lat' dir='ltr'><strong>lato,</strong></span> <span class='ocrx_word' id='word_1_96' title='bbox 490 1384 517 1419; x_wconf 78' lang='lat'><strong>²⁴</strong></span> <span class='ocrx_word' id='word_1_97' title='bbox 527 1400 620 1463; x_wconf 92' lang='lat' dir='ltr'><strong>quum</strong></span> <span class='ocrx_word' id='word_1_98' title='bbox 646 1380 749 1442; x_wconf 88' lang='lat' dir='ltr'><strong>hostes</strong></span> <span class='ocrx_word' id='word_1_99' title='bbox 774 1379 925 1441; x_wconf 84' lang='lat' dir='ltr'><strong>exereitus</strong></span> <span class='ocrx_word' id='word_1_100' title='bbox 950 1398 1119 1459; x_wconf 87' lang='lat' dir='ltr'><strong>numquam</strong></span> <span class='ocrx_word' id='word_1_101' title='bbox 1141 1378 1328 1456; x_wconf 85' lang='lat' dir='ltr'><strong>eduxissent,</strong></span> <span class='ocrx_word' id='word_1_102' title='bbox 1353 1376 1440 1439; x_wconf 89' lang='lat' dir='ltr'><strong>nulla</strong></span> 
     </span>
     <span class='ocr_line' id='line_1_21' title="bbox 388 1464 1439 1549; baseline -0.009 -17"><span class='ocrx_word' id='word_1_103' title='bbox 388 1490 421 1533; x_wconf 92' lang='lat' dir='ltr'><strong>re</strong></span> <span class='ocrx_word' id='word_1_104' title='bbox 447 1466 638 1530; x_wconf 88' lang='lat' dir='ltr'><strong>memorabili</strong></span> <span class='ocrx_word' id='word_1_105' title='bbox 662 1477 759 1549; x_wconf 83' lang='lat' dir='ltr'><strong>gesta,</strong></span> <span class='ocrx_word' id='word_1_106' title='bbox 790 1464 922 1528; x_wconf 85' lang='lat' dir='ltr'><strong>Romam</strong></span> <span class='ocrx_word' id='word_1_107' title='bbox 949 1465 989 1527; x_wconf 91' lang='lat' dir='ltr'><strong>ad</strong></span> <span class='ocrx_word' id='word_1_108' title='bbox 1010 1465 1205 1545; x_wconf 81' lang='lat' dir='ltr'><strong>magistratus</strong></span> <span class='ocrx_word' id='word_1_109' title='bbox 1228 1464 1439 1546; x_wconf 83' lang='lat' dir='ltr'><strong>subrogandos</strong></span> 
     </span>
    </p>
   </div>
   <div class='ocr_carea' id='block_1_7' title="bbox 389 1546 1447 1636">
    <p class='ocr_par' dir='ltr' id='par_1_8' title="bbox 281 1546 1447 1636">
     <span class='ocr_line' id='line_1_22' title="bbox 389 1546 1447 1636; baseline -0.009 -18.926"><span class='ocrx_word' id='word_1_110' title='bbox 389 1554 566 1631; x_wconf 82' lang='lat' dir='ltr'><strong>redierunt3</strong></span> <span class='ocrx_word' id='word_1_111' title='bbox 604 1566 636 1614; x_wconf 90' lang='lat' dir='ltr'><strong>et</strong></span> <span class='ocrx_word' id='word_1_112' title='bbox 666 1554 764 1636; x_wconf 91' lang='lat' dir='ltr'><strong>primo</strong></span> <span class='ocrx_word' id='word_1_113' title='bbox 794 1552 944 1613; x_wconf 87' lang='lat' dir='ltr'><strong>comitiali</strong></span> <span class='ocrx_word' id='word_1_114' title='bbox 977 1552 1027 1613; x_wconf 90' lang='lat' dir='ltr'><strong>die</strong></span> <span class='ocrx_word' id='word_1_115' title='bbox 1058 1552 1196 1613; x_wconf 88' lang='lat' dir='ltr'><strong>consules</strong></span> <span class='ocrx_word' id='word_1_116' title='bbox 1226 1562 1368 1613; x_wconf 86' lang='lat' dir='ltr'><strong>crearunt</strong></span> <span class='ocrx_word' id='word_1_117' title='bbox 1390 1546 1447 1612; x_wconf 84' lang='lat' dir='ltr'><strong>M.-</strong></span> 
     </span>
    </p>
   </div>
   <div class='ocr_carea' id='block_1_8' title="bbox 202 2415 385 2598">
    <p class='ocr_par' dir='ltr' id='par_1_9' title="bbox 202 2415 385 2598">
     <span class='ocr_line' id='line_1_23' title="bbox 234 2415 374 2465; baseline -0.014 0"><span class='ocrx_word' id='word_1_118' title='bbox 234 2415 374 2465; x_wconf 75' lang='lat' dir='ltr'><strong>Prudeem</strong></span> 
     </span>
     <span class='ocr_line' id='line_1_24' title="bbox 202 2474 385 2557; baseline 0.016 -29"><span class='ocrx_word' id='word_1_119' title='bbox 202 2474 214 2487; x_wconf 58' lang='lat'>⁸</span> <span class='ocrx_word' id='word_1_120' title='bbox 231 2476 330 2557; x_wconf 75' lang='lat' dir='ltr'><strong>Romam</strong></span> <span class='ocrx_word' id='word_1_121' title='bbox 345 2496 385 2531; x_wconf 82' lang='lat' dir='ltr'><strong>ve-</strong></span> 
     </span>
     <span class='ocr_line' id='line_1_25' title="bbox 233 2558 279 2598; baseline 0.065 -3"><span class='ocrx_word' id='word_1_122' title='bbox 233 2558 279 2598; x_wconf 79' lang='lat' dir='ltr'><strong>nrt.</strong></span> 
     </span>
    </p>
   </div>
   <div class='ocr_carea' id='block_1_9' title="bbox 390 1634 1462 3971">
    <p class='ocr_par' dir='ltr' id='par_1_10' title="bbox 390 1634 1462 3971">
     <span class='ocr_line' id='line_1_26' title="bbox 390 1634 1440 1720; baseline -0.005 -18"><span class='ocrx_word' id='word_1_123' title='bbox 390 1639 553 1703; x_wconf 89' lang='lat' dir='ltr'><strong>Claudium</strong></span> <span class='ocrx_word' id='word_1_124' title='bbox 579 1636 773 1717; x_wconf 88' lang='lat' dir='ltr'><strong>Marcellum,</strong></span> <span class='ocrx_word' id='word_1_125' title='bbox 791 1636 828 1699; x_wconf 90' lang='lat' dir='ltr'><strong>C.</strong></span> <span class='ocrx_word' id='word_1_126' title='bbox 843 1636 1014 1720; x_wconf 88' lang='lat' dir='ltr'><strong>Sulpicium</strong></span> <span class='ocrx_word' id='word_1_127' title='bbox 1039 1634 1172 1699; x_wconf 89' lang='lat' dir='ltr'><strong>Gallum.</strong></span> <span class='ocrx_word' id='word_1_128' title='bbox 1216 1636 1338 1699; x_wconf 85' lang='lat' dir='ltr'><strong>Deinde</strong></span> <span class='ocrx_word' id='word_1_129' title='bbox 1361 1657 1440 1718; x_wconf 78' lang='lat' dir='ltr'><strong>pra·-</strong></span> 
     </span>
     <span class='ocr_line' id='line_1_27' title="bbox 391 1722 1440 1809; baseline -0.006 -18"><span class='ocrx_word' id='word_1_130' title='bbox 391 1740 474 1791; x_wconf 84' lang='lat' dir='ltr'><strong>tores</strong></span> <span class='ocrx_word' id='word_1_131' title='bbox 489 1737 612 1809; x_wconf 85' lang='lat' dir='ltr'><strong>postero</strong></span> <span class='ocrx_word' id='word_1_132' title='bbox 628 1727 677 1788; x_wconf 92' lang='lat' dir='ltr'><strong>die</strong></span> <span class='ocrx_word' id='word_1_133' title='bbox 694 1724 730 1787; x_wconf 78' lang='lat'><strong>1..</strong></span> <span class='ocrx_word' id='word_1_134' title='bbox 741 1724 891 1802; x_wconf 79' lang='lat' dir='ltr'><strong>Julium¹,</strong></span> <span class='ocrx_word' id='word_1_135' title='bbox 907 1723 945 1785; x_wconf 88' lang='lat' dir='ltr'><strong>L.</strong></span> <span class='ocrx_word' id='word_1_136' title='bbox 954 1724 1145 1806; x_wconf 67' lang='lat' dir='ltr'><strong>‚Appuleium</strong></span> <span class='ocrx_word' id='word_1_137' title='bbox 1160 1723 1384 1801; x_wconf 87' lang='lat' dir='ltr'><strong>Staturninum‚</strong></span> <span class='ocrx_word' id='word_1_138' title='bbox 1399 1722 1440 1785; x_wconf 87' lang='lat' dir='ltr'><strong>A.</strong></span> 
     </span>
     <span class='ocr_line' id='line_1_28' title="bbox 392 1808 1440 1889; baseline -0.006 -13"><span class='ocrx_word' id='word_1_139' title='bbox 392 1812 546 1876; x_wconf 83' lang='lat' dir='ltr'><strong>Licinium</strong></span> <span class='ocrx_word' id='word_1_140' title='bbox 584 1811 729 1889; x_wconf 88' lang='lat' dir='ltr'><strong>Nervam,</strong></span> <span class='ocrx_word' id='word_1_141' title='bbox 771 1811 803 1873; x_wconf 90' lang='lat' dir='ltr'><strong>P.</strong></span> <span class='ocrx_word' id='word_1_142' title='bbox 833 1810 983 1873; x_wconf 88' lang='lat' dir='ltr'><strong>Rutilium</strong></span> <span class='ocrx_word' id='word_1_143' title='bbox 1009 1810 1148 1888; x_wconf 81' lang='lat' dir='ltr'><strong>Calvum,</strong></span> <span class='ocrx_word' id='word_1_144' title='bbox 1178 1810 1212 1873; x_wconf 91' lang='lat' dir='ltr'><strong>P.</strong></span> <span class='ocrx_word' id='word_1_145' title='bbox 1239 1808 1440 1881; x_wconf 85' lang='lat' dir='ltr'><strong>Quinctilium</strong></span> 
     </span>
     <span class='ocr_line' id='line_1_29' title="bbox 392 1896 1442 1980; baseline -0.004 -19"><span class='ocrx_word' id='word_1_146' title='bbox 392 1897 520 1977; x_wconf 90' lang='lat' dir='ltr'><strong>Varum,</strong></span> <span class='ocrx_word' id='word_1_147' title='bbox 551 1897 598 1961; x_wconf 89' lang='lat' dir='ltr'><strong>M.</strong></span> <span class='ocrx_word' id='word_1_148' title='bbox 623 1897 795 1961; x_wconf 84' lang='lat' dir='ltr'><strong>Fonteium.</strong></span> <span class='ocrx_word' id='word_1_149' title='bbox 840 1896 899 1959; x_wconf 85' lang='lat' dir='ltr'><strong>His</strong></span> <span class='ocrx_word' id='word_1_150' title='bbox 920 1897 1098 1980; x_wconf 78' lang='lat' dir='ltr'><strong>praetoribus</strong></span> <span class='ocrx_word' id='word_1_151' title='bbox 1126 1898 1193 1959; x_wconf 77' lang='lat' dir='ltr'><strong>duae</strong></span> <span class='ocrx_word' id='word_1_152' title='bbox 1221 1898 1345 1960; x_wconf 75' lang='lat' dir='ltr'><strong>urbanae</strong></span> <span class='ocrx_word' id='word_1_153' title='bbox 1366 1917 1442 1979; x_wconf 90' lang='lat' dir='ltr'><strong>pro·</strong></span> 
     </span>
     <span class='ocr_line' id='line_1_30' title="bbox 394 1980 1443 2065; baseline -0.002 -18"><span class='ocrx_word' id='word_1_154' title='bbox 394 1985 500 2047; x_wconf 87' lang='lat' dir='ltr'><strong>vinciae</strong></span> <span class='ocrx_word' id='word_1_155' title='bbox 521 1997 595 2048; x_wconf 87' lang='lat' dir='ltr'><strong>suut</strong></span> <span class='ocrx_word' id='word_1_156' title='bbox 618 1986 758 2062; x_wconf 76' lang='lat' dir='ltr'><strong>decreta,</strong></span> <span class='ocrx_word' id='word_1_157' title='bbox 783 1985 850 2046; x_wconf 76' lang='lat' dir='ltr'><strong>dua</strong></span> <span class='ocrx_word' id='word_1_158' title='bbox 875 1982 1042 2065; x_wconf 74' lang='lat' dir='ltr'><strong>Hispania,</strong></span> <span class='ocrx_word' id='word_1_159' title='bbox 1070 1980 1177 2046; x_wconf 86' lang='lat' dir='ltr'><strong>Sicilia</strong></span> <span class='ocrx_word' id='word_1_160' title='bbox 1202 1984 1262 2046; x_wconf 62' lang='lat' dir='ltr'><strong>acl</strong></span> <span class='ocrx_word' id='word_1_161' title='bbox 1287 1982 1443 2046; x_wconf 87' lang='lat' dir='ltr'><strong>Sardinia.</strong></span> 
     </span>
     <span class='ocr_line' id='line_1_31' title="bbox 395 2068 1442 2154; baseline -0.004 -20"><span class='ocrx_word' id='word_1_162' title='bbox 395 2070 614 2136; x_wconf 82' lang='lat' dir='ltr'><strong>intercalatum</strong></span> <span class='ocrx_word' id='word_1_163' title='bbox 638 2092 676 2133; x_wconf 89' lang='lat' dir='ltr'><strong>eo</strong></span> <span class='ocrx_word' id='word_1_164' title='bbox 700 2092 800 2133; x_wconf 82' lang='lat' dir='ltr'><strong>antro:</strong></span> <span class='ocrx_word' id='word_1_165' title='bbox 824 2070 972 2154; x_wconf 86' lang='lat' dir='ltr'><strong>postridie</strong></span> <span class='ocrx_word' id='word_1_166' title='bbox 996 2068 1184 2133; x_wconf 87' lang='lat' dir='ltr'><strong>Terminalia</strong></span> <span class='ocrx_word' id='word_1_167' title='bbox 1207 2075 1236 2110; x_wconf 78' lang='lat'><strong>²⁵</strong></span> <span class='ocrx_word' id='word_1_168' title='bbox 1246 2070 1442 2133; x_wconf 88' lang='lat' dir='ltr'><strong>intercalares</strong></span> 
     </span>
     <span class='ocr_line' id='line_1_32' title="bbox 396 2153 1442 2241; baseline -0.004 -20"><span class='ocrx_word' id='word_1_169' title='bbox 396 2158 528 2221; x_wconf 85' lang='lat' dir='ltr'><strong>fuerunt.</strong></span> <span class='ocrx_word' id='word_1_170' title='bbox 571 2158 678 2241; x_wconf 84' lang='lat' dir='ltr'><strong>Augur</strong></span> <span class='ocrx_word' id='word_1_171' title='bbox 702 2178 740 2219; x_wconf 89' lang='lat' dir='ltr'><strong>eo</strong></span> <span class='ocrx_word' id='word_1_172' title='bbox 764 2178 845 2219; x_wconf 86' lang='lat' dir='ltr'><strong>anno</strong></span> <span class='ocrx_word' id='word_1_173' title='bbox 870 2169 1011 2218; x_wconf 90' lang='lat' dir='ltr'><strong>mortuus</strong></span> <span class='ocrx_word' id='word_1_174' title='bbox 1025 2169 1074 2225; x_wconf 81' lang='lat' dir='ltr'><strong>est</strong></span> <span class='ocrx_word' id='word_1_175' title='bbox 1088 2155 1124 2217; x_wconf 94' lang='lat' dir='ltr'><strong>C.</strong></span> <span class='ocrx_word' id='word_1_176' title='bbox 1140 2155 1307 2218; x_wconf 84' lang='lat' dir='ltr'><strong>Claudius:</strong></span> <span class='ocrx_word' id='word_1_177' title='bbox 1330 2157 1361 2218; x_wconf 89' lang='lat' dir='ltr'><strong>in</strong></span> <span class='ocrx_word' id='word_1_178' title='bbox 1375 2153 1442 2235; x_wconf 85' lang='lat' dir='ltr'><strong>ejus</strong></span> 
     </span>
     <span class='ocr_line' id='line_1_33' title="bbox 396 2241 1443 2327; baseline -0.001 -22"><span class='ocrx_word' id='word_1_179' title='bbox 396 2244 498 2307; x_wconf 89' lang='lat' dir='ltr'><strong>locum</strong></span> <span class='ocrx_word' id='word_1_180' title='bbox 513 2264 643 2327; x_wconf 87' lang='lat' dir='ltr'><strong>augures</strong></span> <span class='ocrx_word' id='word_1_181' title='bbox 663 2245 803 2325; x_wconf 87' lang='lat' dir='ltr'><strong>legerunt</strong></span> <span class='ocrx_word' id='word_1_182' title='bbox 827 2241 867 2304; x_wconf 90' lang='lat' dir='ltr'><strong>T.</strong></span> <span class='ocrx_word' id='word_1_183' title='bbox 892 2242 1066 2313; x_wconf 87' lang='lat' dir='ltr'><strong>Quinctium</strong></span> <span class='ocrx_word' id='word_1_184' title='bbox 1092 2241 1309 2305; x_wconf 84' lang='lat' dir='ltr'><strong>Flamininum.</strong></span> <span class='ocrx_word' id='word_1_185' title='bbox 1331 2256 1364 2305; x_wconf 92' lang='lat' dir='ltr'><strong>et</strong></span> <span class='ocrx_word' id='word_1_186' title='bbox 1382 2244 1443 2304; x_wconf 87' lang='lat' dir='ltr'><strong>lla·</strong></span> 
     </span>
     <span class='ocr_line' id='line_1_34' title="bbox 397 2326 1446 2401; baseline -0.002 -8"><span class='ocrx_word' id='word_1_187' title='bbox 397 2351 468 2393; x_wconf 89' lang='lat' dir='ltr'><strong>men</strong></span> <span class='ocrx_word' id='word_1_188' title='bbox 491 2330 655 2401; x_wconf 87' lang='lat' dir='ltr'><strong>Quirinalis</strong></span> <span class='ocrx_word' id='word_1_189' title='bbox 679 2340 815 2391; x_wconf 91' lang='lat' dir='ltr'><strong>mortuus</strong></span> <span class='ocrx_word' id='word_1_190' title='bbox 838 2331 865 2368; x_wconf 77' lang='lat'><strong>²⁶</strong></span> <span class='ocrx_word' id='word_1_191' title='bbox 877 2328 916 2399; x_wconf 86' lang='lat' dir='ltr'><strong>Q.</strong></span> <span class='ocrx_word' id='word_1_192' title='bbox 939 2326 1050 2390; x_wconf 79' lang='lat' dir='ltr'><strong>Fabius</strong></span> <span class='ocrx_word' id='word_1_193' title='bbox 1076 2327 1187 2391; x_wconf 89' lang='lat' dir='ltr'><strong>Pictor.</strong></span> <span class='ocrx_word' id='word_1_194' title='bbox 1229 2327 1278 2391; x_wconf 82' lang='lat' dir='ltr'><strong>Eo</strong></span> <span class='ocrx_word' id='word_1_195' title='bbox 1293 2350 1375 2392; x_wconf 89' lang='lat' dir='ltr'><strong>anuo</strong></span> <span class='ocrx_word' id='word_1_196' title='bbox 1390 2349 1446 2391; x_wconf 83' lang='lat' dir='ltr'><strong>rex</strong></span> 
     </span>
     <span class='ocr_line' id='line_1_35' title="bbox 397 2412 1445 2498; baseline -0.001 -19"><span class='ocrx_word' id='word_1_197' title='bbox 397 2414 517 2479; x_wconf 89' lang='lat' dir='ltr'><strong>Prusias</strong></span> <span class='ocrx_word' id='word_1_198' title='bbox 546 2417 630 2478; x_wconf 87' lang='lat' dir='ltr'><strong>venit</strong></span> <span class='ocrx_word' id='word_1_199' title='bbox 662 2414 793 2477; x_wconf 88' lang='lat' dir='ltr'><strong>Romam</strong></span> <span class='ocrx_word' id='word_1_200' title='bbox 828 2435 899 2476; x_wconf 93' lang='lat' dir='ltr'><strong>cum</strong></span> <span class='ocrx_word' id='word_1_201' title='bbox 936 2414 1000 2475; x_wconf 90' lang='lat' dir='ltr'><strong>lilio</strong></span> <span class='ocrx_word' id='word_1_202' title='bbox 1030 2412 1210 2479; x_wconf 92' lang='lat' dir='ltr'><strong>Nicomede.</strong></span> <span class='ocrx_word' id='word_1_203' title='bbox 1267 2415 1308 2494; x_wconf 92' lang='lat' dir='ltr'><strong>ls,</strong></span> <span class='ocrx_word' id='word_1_204' title='bbox 1330 2436 1445 2498; x_wconf 85' lang='lat' dir='ltr'><strong>magno</strong></span> 
     </span>
     <span class='ocr_line' id='line_1_36' title="bbox 400 2499 1446 2585; baseline -0.001 -20"><span class='ocrx_word' id='word_1_205' title='bbox 400 2502 548 2565; x_wconf 84' lang='lat' dir='ltr'><strong>comitatu</strong></span> <span class='ocrx_word' id='word_1_206' title='bbox 580 2502 687 2563; x_wconf 88' lang='lat' dir='ltr'><strong>urbem</strong></span> <span class='ocrx_word' id='word_1_207' title='bbox 720 2502 883 2583; x_wconf 87' lang='lat' dir='ltr'><strong>ingressus,</strong></span> <span class='ocrx_word' id='word_1_208' title='bbox 915 2502 955 2562; x_wconf 91' lang='lat' dir='ltr'><strong>ad</strong></span> <span class='ocrx_word' id='word_1_209' title='bbox 977 2499 1075 2563; x_wconf 83' lang='lat' dir='ltr'><strong>forum</strong></span> <span class='ocrx_word' id='word_1_210' title='bbox 1098 2524 1117 2563; x_wconf 92' lang='lat' dir='ltr'><strong>a</strong></span> <span class='ocrx_word' id='word_1_211' title='bbox 1139 2513 1230 2585; x_wconf 86' lang='lat' dir='ltr'><strong>porta</strong></span> <span class='ocrx_word' id='word_1_212' title='bbox 1248 2503 1446 2583; x_wconf 86' lang='lat' dir='ltr'><strong>tribunalque</strong></span> 
     </span>
     <span class='ocr_line' id='line_1_37' title="bbox 401 2586 1447 2672; baseline 0.002 -22"><span class='ocrx_word' id='word_1_213' title='bbox 401 2587 442 2661; x_wconf 86' lang='lat' dir='ltr'><strong>Q.</strong></span> <span class='ocrx_word' id='word_1_214' title='bbox 472 2586 569 2650; x_wconf 87' lang='lat' dir='ltr'><strong>Cassii</strong></span> <span class='ocrx_word' id='word_1_215' title='bbox 599 2587 733 2669; x_wconf 78' lang='lat' dir='ltr'><strong>praetoris</strong></span> <span class='ocrx_word' id='word_1_216' title='bbox 758 2587 911 2671; x_wconf 79' lang='lat' dir='ltr'><strong>perrexitr</strong></span> <span class='ocrx_word' id='word_1_217' title='bbox 949 2608 1156 2672; x_wconf 89' lang='lat' dir='ltr'><strong>concursuque</strong></span> <span class='ocrx_word' id='word_1_218' title='bbox 1185 2589 1319 2672; x_wconf 91' lang='lat' dir='ltr'><strong>undique</strong></span> <span class='ocrx_word' id='word_1_219' title='bbox 1350 2588 1447 2669; x_wconf 86' lang='lat' dir='ltr'><strong>facto,</strong></span> 
     </span>
     <span class='ocr_line' id='line_1_38' title="bbox 401 2673 1445 2760; baseline 0 -22"><span class='ocrx_word' id='word_1_220' title='bbox 401 2673 523 2752; x_wconf 73' lang='lat' dir='ltr'><strong>‘Decq</strong></span> <span class='ocrx_word' id='word_1_221' title='bbox 537 2673 588 2754; x_wconf 92' lang='lat' dir='ltr'><strong>qui</strong></span> <span class='ocrx_word' id='word_1_222' title='bbox 603 2674 708 2734; x_wconf 90' lang='lat' dir='ltr'><strong>urbem</strong></span> <span class='ocrx_word' id='word_1_223' title='bbox 724 2673 857 2736; x_wconf 89' lang='lat' dir='ltr'><strong>Romam</strong></span> <span class='ocrx_word' id='word_1_224' title='bbox 871 2675 1050 2753; x_wconf 88' lang='lat' dir='ltr'><strong>incolerent,</strong></span> <span class='ocrx_word' id='word_1_225' title='bbox 1075 2689 1275 2758; x_wconf 86' lang='lat' dir='ltr'><strong>senatumque</strong></span> <span class='ocrx_word' id='word_1_226' title='bbox 1288 2691 1321 2740; x_wconf 88' lang='lat' dir='ltr'><strong>et</strong></span> <span class='ocrx_word' id='word_1_227' title='bbox 1344 2697 1445 2760; x_wconf 90' lang='lat' dir='ltr'><strong>popu-</strong></span> 
     </span>
     <span class='ocr_line' id='line_1_39' title="bbox 401 2753 1449 2844; baseline 0.001 -20"><span class='ocrx_word' id='word_1_228' title='bbox 401 2763 414 2796; x_wconf 90' lang='lat'>‘</span> <span class='ocrx_word' id='word_1_229' title='bbox 429 2761 492 2824; x_wconf 93' lang='lat' dir='ltr'><strong>lum</strong></span> <span class='ocrx_word' id='word_1_230' title='bbox 507 2757 680 2822; x_wconf 89' lang='lat' dir='ltr'><strong>Romanum</strong></span> <span class='ocrx_word' id='word_1_231' title='bbox 696 2760 862 2823; x_wconf 87' lang='lat' dir='ltr'><strong>salutatum</strong></span> <span class='ocrx_word' id='word_1_232' title='bbox 875 2759 919 2823; x_wconf 85' lang='lat' dir='ltr'><strong>se’</strong></span> <span class='ocrx_word' id='word_1_233' title='bbox 934 2753 1014 2825; x_wconf 70' lang='lat' dir='ltr'><strong>diiit</strong></span> <span class='ocrx_word' id='word_1_234' title='bbox 1028 2763 1185 2825; x_wconf 72' lang='lat' dir='ltr'><strong>‘vertisset</strong></span> <span class='ocrx_word' id='word_1_235' title='bbox 1201 2775 1234 2826; x_wconf 90' lang='lat' dir='ltr'><strong>et</strong></span> <span class='ocrx_word' id='word_1_236' title='bbox 1245 2765 1449 2844; x_wconf 85' lang='lat' dir='ltr'><strong>gratulatum,</strong></span> 
     </span>
     <span class='ocr_line' id='line_1_40' title="bbox 401 2843 1450 2931; baseline 0.004 -23"><span class='ocrx_word' id='word_1_237' title='bbox 401 2848 415 2882; x_wconf 90' lang='lat'>‘</span> <span class='ocrx_word' id='word_1_238' title='bbox 429 2846 512 2929; x_wconf 92' lang='lat' dir='ltr'><strong>quod</strong></span> <span class='ocrx_word' id='word_1_239' title='bbox 525 2845 634 2908; x_wconf 85' lang='lat' dir='ltr'><strong>Persea</strong></span> <span class='ocrx_word' id='word_1_240' title='bbox 647 2843 852 2931; x_wconf 88' lang='lat' dir='ltr'><strong>Gentiumque</strong></span> <span class='ocrx_word' id='word_1_241' title='bbox 871 2868 958 2929; x_wconf 86' lang='lat' dir='ltr'><strong>reges</strong></span> <span class='ocrx_word' id='word_1_242' title='bbox 978 2848 1141 2925; x_wconf 64' lang='lat' dir='ltr'><strong>vicissem</strong></span> <span class='ocrx_word' id='word_1_243' title='bbox 1164 2847 1450 2931; x_wconf 84' lang='lat' dir='ltr'><strong>Macedonibusque</strong></span> 
     </span>
     <span class='ocr_line' id='line_1_41' title="bbox 401 2931 1449 3018; baseline 0.003 -23"><span class='ocrx_word' id='word_1_244' title='bbox 401 2935 415 2970; x_wconf 90' lang='lat'>‘</span> <span class='ocrx_word' id='word_1_245' title='bbox 430 2944 464 2995; x_wconf 88' lang='lat' dir='ltr'><strong>et</strong></span> <span class='ocrx_word' id='word_1_246' title='bbox 475 2931 583 3017; x_wconf 83' lang='lat' dir='ltr'><strong>Illyriis</strong></span> <span class='ocrx_word' id='word_1_247' title='bbox 594 2933 626 2994; x_wconf 91' lang='lat' dir='ltr'><strong>in</strong></span> <span class='ocrx_word' id='word_1_248' title='bbox 638 2933 786 2997; x_wconf 89' lang='lat' dir='ltr'><strong>ditionem</strong></span> <span class='ocrx_word' id='word_1_249' title='bbox 801 2933 943 3013; x_wconf 87' lang='lat' dir='ltr'><strong>redactis,</strong></span> <span class='ocrx_word' id='word_1_250' title='bbox 956 2935 1110 2997; x_wconf 86' lang='lat' dir='ltr'><strong>auxissent</strong></span> <span class='ocrx_word' id='word_1_251' title='bbox 1123 2933 1301 3018; x_wconf 86' lang='lat' dir='ltr'><strong>imperium&#39;</strong></span> <span class='ocrx_word' id='word_1_252' title='bbox 1338 2935 1449 3006; x_wconf 81' lang='lat' dir='ltr'><strong>erurri</strong></span> 
     </span>
     <span class='ocr_line' id='line_1_42' title="bbox 402 3020 1451 3105; baseline 0.002 -23"><span class='ocrx_word' id='word_1_253' title='bbox 402 3031 516 3105; x_wconf 74' lang='lat' dir='ltr'><strong>pretor</strong></span> <span class='ocrx_word' id='word_1_254' title='bbox 530 3032 669 3082; x_wconf 87' lang='lat' dir='ltr'><strong>senatum</strong></span> <span class='ocrx_word' id='word_1_255' title='bbox 685 3020 724 3100; x_wconf 92' lang='lat' dir='ltr'><strong>ei,</strong></span> <span class='ocrx_word' id='word_1_256' title='bbox 740 3021 766 3082; x_wconf 92' lang='lat' dir='ltr'><strong>si</strong></span> <span class='ocrx_word' id='word_1_257' title='bbox 780 3020 865 3099; x_wconf 83' lang='lat' dir='ltr'><strong>velit,</strong></span> <span class='ocrx_word' id='word_1_258' title='bbox 880 3041 918 3083; x_wconf 93' lang='lat' dir='ltr'><strong>eo</strong></span> <span class='ocrx_word' id='word_1_259' title='bbox 932 3021 982 3082; x_wconf 91' lang='lat' dir='ltr'><strong>die</strong></span> <span class='ocrx_word' id='word_1_260' title='bbox 998 3021 1139 3084; x_wconf 86' lang='lat' dir='ltr'><strong>daturum</strong></span> <span class='ocrx_word' id='word_1_261' title='bbox 1155 3023 1301 3100; x_wconf 82' lang='lat' dir='ltr'><strong>dixissct3</strong></span> <span class='ocrx_word' id='word_1_262' title='bbox 1317 3023 1451 3084; x_wconf 89' lang='lat' dir='ltr'><strong>biduum</strong></span> 
     </span>
     <span class='ocr_line' id='line_1_43' title="bbox 403 3106 1454 3192; baseline 0.001 -22"><span class='ocrx_word' id='word_1_263' title='bbox 403 3106 508 3191; x_wconf 89' lang='lat' dir='ltr'><strong>petiit,</strong></span> <span class='ocrx_word' id='word_1_264' title='bbox 522 3127 582 3189; x_wconf 91' lang='lat' dir='ltr'><strong>quo</strong></span> <span class='ocrx_word' id='word_1_265' title='bbox 604 3108 719 3192; x_wconf 88' lang='lat' dir='ltr'><strong>templa</strong></span> <span class='ocrx_word' id='word_1_266' title='bbox 743 3106 847 3169; x_wconf 83' lang='lat' dir='ltr'><strong>Dedm</strong></span> <span class='ocrx_word' id='word_1_267' title='bbox 871 3108 1037 3191; x_wconf 90' lang='lat' dir='ltr'><strong>urbemque</strong></span> <span class='ocrx_word' id='word_1_268' title='bbox 1059 3121 1092 3171; x_wconf 87' lang='lat' dir='ltr'><strong>et</strong></span> <span class='ocrx_word' id='word_1_269' title='bbox 1117 3109 1253 3192; x_wconf 85' lang='lat' dir='ltr'><strong>hospites</strong></span> <span class='ocrx_word' id='word_1_270' title='bbox 1275 3110 1454 3192; x_wconf 85' lang='lat' dir='ltr'><strong>amicosque</strong></span> 
     </span>
     <span class='ocr_line' id='line_1_44' title="bbox 404 3193 1459 3279; baseline 0.005 -25"><span class='ocrx_word' id='word_1_271' title='bbox 404 3196 525 3256; x_wconf 87' lang='lat' dir='ltr'><strong>viseret.</strong></span> <span class='ocrx_word' id='word_1_272' title='bbox 570 3193 679 3272; x_wconf 87' lang='lat' dir='ltr'><strong>Datus,</strong></span> <span class='ocrx_word' id='word_1_273' title='bbox 692 3193 743 3277; x_wconf 91' lang='lat' dir='ltr'><strong>qui</strong></span> <span class='ocrx_word' id='word_1_274' title='bbox 759 3195 1000 3258; x_wconf 88' lang='lat' dir='ltr'><strong>circumduceret</strong></span> <span class='ocrx_word' id='word_1_275' title='bbox 1021 3217 1103 3275; x_wconf 88' lang='lat' dir='ltr'><strong>eum,</strong></span> <span class='ocrx_word' id='word_1_276' title='bbox 1124 3193 1161 3257; x_wconf 81' lang='lat' dir='ltr'><strong>L.</strong></span> <span class='ocrx_word' id='word_1_277' title='bbox 1176 3195 1336 3258; x_wconf 87' lang='lat' dir='ltr'><strong>Cornelius</strong></span> <span class='ocrx_word' id='word_1_278' title='bbox 1351 3195 1459 3279; x_wconf 83' lang='lat' dir='ltr'><strong>Scipio</strong></span> 
     </span>
     <span class='ocr_line' id='line_1_45' title="bbox 406 3280 1459 3365; baseline 0.003 -22"><span class='ocrx_word' id='word_1_279' title='bbox 406 3293 538 3365; x_wconf 85' lang='lat' dir='ltr'><strong>quaestcr</strong></span> <span class='ocrx_word' id='word_1_280' title='bbox 547 3303 557 3358; x_wconf 88' lang='lat'><em>3</em></span> <span class='ocrx_word' id='word_1_281' title='bbox 585 3281 636 3362; x_wconf 92' lang='lat' dir='ltr'><strong>qui</strong></span> <span class='ocrx_word' id='word_1_282' title='bbox 653 3293 684 3342; x_wconf 88' lang='lat' dir='ltr'><strong>et</strong></span> <span class='ocrx_word' id='word_1_283' title='bbox 699 3280 836 3363; x_wconf 86' lang='lat' dir='ltr'><strong>Capuam</strong></span> <span class='ocrx_word' id='word_1_284' title='bbox 852 3281 880 3341; x_wconf 89' lang='lat' dir='ltr'><strong>ei</strong></span> <span class='ocrx_word' id='word_1_285' title='bbox 896 3281 1017 3343; x_wconf 88' lang='lat' dir='ltr'><strong>obviam</strong></span> <span class='ocrx_word' id='word_1_286' title='bbox 1043 3283 1151 3344; x_wconf 89' lang='lat' dir='ltr'><strong>missus</strong></span> <span class='ocrx_word' id='word_1_287' title='bbox 1176 3281 1296 3345; x_wconf 82' lang='lat' dir='ltr'><strong>iuerat:</strong></span> <span class='ocrx_word' id='word_1_288' title='bbox 1319 3296 1352 3345; x_wconf 91' lang='lat' dir='ltr'><strong>ct</strong></span> <span class='ocrx_word' id='word_1_289' title='bbox 1366 3284 1459 3361; x_wconf 80' lang='lat' dir='ltr'><strong>redes,</strong></span> 
     </span>
     <span class='ocr_line' id='line_1_46' title="bbox 407 3365 1457 3451; baseline 0.003 -21"><span class='ocrx_word' id='word_1_290' title='bbox 407 3390 473 3450; x_wconf 85' lang='lat' dir='ltr'><strong>quae</strong></span> <span class='ocrx_word' id='word_1_291' title='bbox 500 3368 598 3450; x_wconf 90' lang='lat' dir='ltr'><strong>ipsum</strong></span> <span class='ocrx_word' id='word_1_292' title='bbox 625 3367 812 3448; x_wconf 83' lang='lat' dir='ltr'><strong>comitesque</strong></span> <span class='ocrx_word' id='word_1_293' title='bbox 838 3365 902 3449; x_wconf 86' lang='lat' dir='ltr'><strong>ejus</strong></span> <span class='ocrx_word' id='word_1_294' title='bbox 926 3368 1057 3450; x_wconf 89' lang='lat' dir='ltr'><strong>benigne</strong></span> <span class='ocrx_word' id='word_1_295' title='bbox 1083 3369 1263 3451; x_wconf 87' lang='lat' dir='ltr'><strong>reciperent,</strong></span> <span class='ocrx_word' id='word_1_296' title='bbox 1286 3370 1457 3433; x_wconf 65' lang='lat' dir='ltr'><strong>conducta.</strong></span> 
     </span>
     <span class='ocr_line' id='line_1_47' title="bbox 407 3453 1460 3537; baseline 0.005 -23"><span class='ocrx_word' id='word_1_297' title='bbox 407 3453 514 3515; x_wconf 85' lang='lat' dir='ltr'><strong>Tertio</strong></span> <span class='ocrx_word' id='word_1_298' title='bbox 544 3465 614 3536; x_wconf 88' lang='lat' dir='ltr'><strong>post</strong></span> <span class='ocrx_word' id='word_1_299' title='bbox 645 3453 694 3516; x_wconf 87' lang='lat' dir='ltr'><strong>die</strong></span> <span class='ocrx_word' id='word_1_300' title='bbox 723 3466 863 3516; x_wconf 87' lang='lat' dir='ltr'><strong>senatum</strong></span> <span class='ocrx_word' id='word_1_301' title='bbox 893 3453 958 3514; x_wconf 90' lang='lat' dir='ltr'><strong>adit</strong></span> <span class='ocrx_word' id='word_1_302' title='bbox 964 3475 976 3530; x_wconf 80' lang='lat'><em>3</em></span> <span class='ocrx_word' id='word_1_303' title='bbox 1006 3455 1175 3537; x_wconf 86' lang='lat' dir='ltr'><strong>gratulatus</strong></span> <span class='ocrx_word' id='word_1_304' title='bbox 1204 3457 1364 3518; x_wconf 80' lang='lat' dir='ltr'><strong>victoriam</strong></span> <span class='ocrx_word' id='word_1_305' title='bbox 1389 3469 1437 3519; x_wconf 88' lang='lat' dir='ltr'><strong>est</strong></span> <span class='ocrx_word' id='word_1_306' title='bbox 1444 3479 1460 3534; x_wconf 76' lang='lat'>3</span> 
     </span>
     <span class='ocr_line' id='line_1_48' title="bbox 408 3539 1458 3624; baseline 0.003 -22"><span class='ocrx_word' id='word_1_307' title='bbox 408 3540 520 3603; x_wconf 88' lang='lat' dir='ltr'><strong>merita</strong></span> <span class='ocrx_word' id='word_1_308' title='bbox 538 3539 642 3602; x_wconf 88' lang='lat' dir='ltr'><strong>suain</strong></span> <span class='ocrx_word' id='word_1_309' title='bbox 665 3561 703 3602; x_wconf 89' lang='lat' dir='ltr'><strong>co</strong></span> <span class='ocrx_word' id='word_1_310' title='bbox 728 3539 810 3601; x_wconf 91' lang='lat' dir='ltr'><strong>bello</strong></span> <span class='ocrx_word' id='word_1_311' title='bbox 836 3542 1109 3620; x_wconf 86' lang='lat' dir='ltr'><strong>commemoravit3</strong></span> <span class='ocrx_word' id='word_1_312' title='bbox 1136 3541 1238 3624; x_wconf 88' lang='lat' dir='ltr'><strong>petiit,</strong></span> <span class='ocrx_word' id='word_1_313' title='bbox 1264 3541 1338 3605; x_wconf 92' lang='lat' dir='ltr'><strong>‘Ut</strong></span> <span class='ocrx_word' id='word_1_314' title='bbox 1351 3555 1458 3605; x_wconf 78' lang='lat' dir='ltr'><strong>uotum</strong></span> 
     </span>
     <span class='ocr_line' id='line_1_49' title="bbox 410 3625 1462 3709; baseline 0.003 -22"><span class='ocrx_word' id='word_1_315' title='bbox 410 3627 493 3688; x_wconf 92' lang='lat' dir='ltr'><strong>‘sibi</strong></span> <span class='ocrx_word' id='word_1_316' title='bbox 509 3627 633 3704; x_wconf 84' lang='lat' dir='ltr'><strong>solvere,</strong></span> <span class='ocrx_word' id='word_1_317' title='bbox 649 3625 755 3688; x_wconf 77' lang='lat' dir='ltr'><strong>Rome</strong></span> <span class='ocrx_word' id='word_1_318' title='bbox 770 3627 802 3688; x_wconf 92' lang='lat' dir='ltr'><strong>in</strong></span> <span class='ocrx_word' id='word_1_319' title='bbox 818 3625 973 3708; x_wconf 87' lang='lat' dir='ltr'><strong>Capitolio</strong></span> <span class='ocrx_word' id='word_1_320' title='bbox 989 3627 1095 3690; x_wconf 86' lang='lat' dir='ltr'><strong>decem</strong></span> <span class='ocrx_word' id='word_1_321' title='bbox 1116 3625 1248 3709; x_wconf 87' lang='lat' dir='ltr'><strong>majores</strong></span> <span class='ocrx_word' id='word_1_322' title='bbox 1273 3630 1402 3708; x_wconf 88' lang='lat' dir='ltr'><strong>hostias,</strong></span> <span class='ocrx_word' id='word_1_323' title='bbox 1428 3641 1462 3690; x_wconf 89' lang='lat' dir='ltr'><strong>et</strong></span> 
     </span>
     <span class='ocr_line' id='line_1_50' title="bbox 411 3711 1459 3798; baseline 0.002 -24"><span class='ocrx_word' id='word_1_324' title='bbox 411 3713 422 3746; x_wconf 91' lang='lat'>‘</span> <span class='ocrx_word' id='word_1_325' title='bbox 438 3711 587 3776; x_wconf 82' lang='lat' dir='ltr'><strong>Praeneste</strong></span> <span class='ocrx_word' id='word_1_326' title='bbox 602 3733 693 3774; x_wconf 89' lang='lat' dir='ltr'><strong>unam</strong></span> <span class='ocrx_word' id='word_1_327' title='bbox 710 3711 861 3790; x_wconf 79' lang='lat' dir='ltr'><strong>Fortunae,</strong></span> <span class='ocrx_word' id='word_1_328' title='bbox 876 3713 991 3775; x_wconf 85' lang='lat' dir='ltr'><strong>liceret.</strong></span> <span class='ocrx_word' id='word_1_329' title='bbox 1006 3733 1044 3775; x_wconf 88' lang='lat' dir='ltr'><strong>ea</strong></span> <span class='ocrx_word' id='word_1_330' title='bbox 1059 3727 1132 3777; x_wconf 85' lang='lat' dir='ltr'><strong>vota</strong></span> <span class='ocrx_word' id='word_1_331' title='bbox 1144 3735 1200 3797; x_wconf 92' lang='lat' dir='ltr'><strong>pro</strong></span> <span class='ocrx_word' id='word_1_332' title='bbox 1210 3715 1340 3778; x_wconf 80' lang='lat' dir='ltr'><strong>victoria</strong></span> <span class='ocrx_word' id='word_1_333' title='bbox 1352 3716 1459 3798; x_wconf 92' lang='lat' dir='ltr'><strong>populi</strong></span> 
     </span>
     <span class='ocr_line' id='line_1_51' title="bbox 412 3796 1461 3882; baseline 0.001 -20"><span class='ocrx_word' id='word_1_334' title='bbox 412 3797 569 3862; x_wconf 88' lang='lat' dir='ltr'><strong>‘Romani</strong></span> <span class='ocrx_word' id='word_1_335' title='bbox 585 3819 659 3861; x_wconf 79' lang='lat' dir='ltr'><strong>esse.</strong></span> <span class='ocrx_word' id='word_1_336' title='bbox 694 3797 737 3860; x_wconf 88' lang='lat' dir='ltr'><strong>Et</strong></span> <span class='ocrx_word' id='word_1_337' title='bbox 751 3810 786 3861; x_wconf 88' lang='lat' dir='ltr'><strong>ut</strong></span> <span class='ocrx_word' id='word_1_338' title='bbox 800 3800 931 3860; x_wconf 88' lang='lat' dir='ltr'><strong>societas</strong></span> <span class='ocrx_word' id='word_1_339' title='bbox 954 3820 1055 3861; x_wconf 88' lang='lat' dir='ltr'><strong>secum</strong></span> <span class='ocrx_word' id='word_1_340' title='bbox 1083 3796 1296 3881; x_wconf 77' lang='lat' dir='ltr'><strong>renovaretur3</strong></span> <span class='ocrx_word' id='word_1_341' title='bbox 1326 3822 1461 3882; x_wconf 82' lang='lat' dir='ltr'><strong>agerque</strong></span> 
     </span>
     <span class='ocr_line' id='line_1_52' title="bbox 412 3883 1462 3971; baseline 0.002 -24"><span class='ocrx_word' id='word_1_342' title='bbox 412 3886 424 3919; x_wconf 92' lang='lat'>‘</span> <span class='ocrx_word' id='word_1_343' title='bbox 437 3886 507 3965; x_wconf 89' lang='lat' dir='ltr'><strong>sibi,</strong></span> <span class='ocrx_word' id='word_1_344' title='bbox 522 3887 561 3948; x_wconf 91' lang='lat' dir='ltr'><strong>de</strong></span> <span class='ocrx_word' id='word_1_345' title='bbox 577 3906 648 3968; x_wconf 88' lang='lat' dir='ltr'><strong>rege</strong></span> <span class='ocrx_word' id='word_1_346' title='bbox 662 3883 819 3948; x_wconf 87' lang='lat' dir='ltr'><strong>Antiocho</strong></span> <span class='ocrx_word' id='word_1_347' title='bbox 834 3898 952 3969; x_wconf 87' lang='lat' dir='ltr'><strong>captus,</strong></span> <span class='ocrx_word' id='word_1_348' title='bbox 967 3906 1057 3970; x_wconf 88' lang='lat' dir='ltr'><strong>quern</strong></span> <span class='ocrx_word' id='word_1_349' title='bbox 1073 3887 1148 3948; x_wconf 90' lang='lat' dir='ltr'><strong>nulli</strong></span> <span class='ocrx_word' id='word_1_350' title='bbox 1170 3887 1276 3950; x_wconf 88' lang='lat' dir='ltr'><strong>datum</strong></span> <span class='ocrx_word' id='word_1_351' title='bbox 1303 3908 1323 3950; x_wconf 91' lang='lat' dir='ltr'><strong>a</strong></span> <span class='ocrx_word' id='word_1_352' title='bbox 1346 3887 1462 3971; x_wconf 90' lang='lat' dir='ltr'><strong>populo</strong></span> 
     </span>
    </p>
   </div>
   <div class='ocr_carea' id='block_1_10' title="bbox 447 4069 1425 4134">
    <p class='ocr_par' dir='ltr' id='par_1_11' title="bbox 447 4069 1425 4134">
     <span class='ocr_line' id='line_1_53' title="bbox 447 4069 1425 4134; baseline 0.006 -17"><span class='ocrx_word' id='word_1_353' title='bbox 447 4069 663 4134; x_wconf 70' lang='lat' dir='ltr'><strong>‘CorcyreirGrom</strong></span> <span class='ocrx_word' id='word_1_354' title='bbox 675 4070 743 4122; x_wconf 84' lang='lat' dir='ltr'><strong>Cree.</strong></span> <span class='ocrx_word' id='word_1_355' title='bbox 863 4070 975 4120; x_wconf 71' lang='lat' dir='ltr'><strong>*dulim</strong></span> <span class='ocrx_word' id='word_1_356' title='bbox 986 4069 1107 4120; x_wconf 67' lang='lat' dir='ltr'><strong>nauum</strong></span> <span class='ocrx_word' id='word_1_357' title='bbox 1118 4071 1184 4121; x_wconf 67' lang='lat' dir='ltr'><strong>aaa.</strong></span> <span class='ocrx_word' id='word_1_358' title='bbox 1305 4071 1425 4123; x_wconf 67' lang='lat' dir='ltr'><strong>tutat.</strong></span> 
     </span>
    </p>
   </div>
   <div class='ocr_carea' id='block_1_11' title="bbox 413 4238 1501 4501">
    <p class='ocr_par' dir='ltr' id='par_1_12' title="bbox 413 4238 1501 4501">
     <span class='ocr_line' id='line_1_54' title="bbox 445 4238 1464 4304; baseline 0.006 -18"><span class='ocrx_word' id='word_1_359' title='bbox 445 4239 468 4274; x_wconf 61' lang='grc' dir='ltr'><strong>θ’</strong></span> <span class='ocrx_word' id='word_1_360' title='bbox 481 4238 624 4304; x_wconf 73' lang='lat' dir='ltr'><strong>lgltundum]</strong></span> <span class='ocrx_word' id='word_1_361' title='bbox 673 4241 746 4292; x_wconf 85' lang='lat' dir='ltr'><strong>Recte</strong></span> <span class='ocrx_word' id='word_1_362' title='bbox 770 4241 874 4304; x_wconf 78' lang='lat' dir='ltr'><strong>Sigonius</strong></span> <span class='ocrx_word' id='word_1_363' title='bbox 894 4254 919 4291; x_wconf 87' lang='lat' dir='ltr'><strong>et</strong></span> <span class='ocrx_word' id='word_1_364' title='bbox 950 4242 1074 4303; x_wconf 81' lang='lat' dir='ltr'><strong>telligenda</strong></span> <span class='ocrx_word' id='word_1_365' title='bbox 1091 4254 1127 4292; x_wconf 81' lang='lat' dir='ltr'><strong>est</strong></span> <span class='ocrx_word' id='word_1_366' title='bbox 1144 4259 1186 4291; x_wconf 81' lang='lat' dir='ltr'><strong>vor</strong></span> <span class='ocrx_word' id='word_1_367' title='bbox 1203 4241 1316 4292; x_wconf 78' lang='lat' dir='ltr'><strong>A’ulerede.</strong></span> <span class='ocrx_word' id='word_1_368' title='bbox 1347 4241 1402 4290; x_wconf 72' lang='lat' dir='ltr'><strong>lid.</strong></span> <span class='ocrx_word' id='word_1_369' title='bbox 1422 4259 1464 4292; x_wconf 81' lang='lat' dir='ltr'><strong>su·</strong></span> 
     </span>
     <span class='ocr_line' id='line_1_55' title="bbox 413 4303 1191 4373; baseline 0.006 -22"><span class='ocrx_word' id='word_1_370' title='bbox 413 4303 536 4352; x_wconf 80' lang='lat' dir='ltr'><strong>Turnebus</strong></span> <span class='ocrx_word' id='word_1_371' title='bbox 564 4303 675 4369; x_wconf 77' lang='lat' dir='ltr'><strong>Iguuium.</strong></span> <span class='ocrx_word' id='word_1_372' title='bbox 719 4307 790 4371; x_wconf 78' lang='lat' dir='ltr'><strong>Reges</strong></span> <span class='ocrx_word' id='word_1_373' title='bbox 817 4307 919 4370; x_wconf 80' lang='lat' dir='ltr'><strong>intellige</strong></span> <span class='ocrx_word' id='word_1_374' title='bbox 952 4307 1139 4373; x_wconf 71' lang='lat' dir='ltr'><strong>pralxttrne.</strong></span> <span class='ocrx_word' id='word_1_375' title='bbox 1153 4311 1191 4356; x_wconf 90' lang='lat' dir='ltr'><strong>ll.</strong></span> 
     </span>
     <span class='ocr_line' id='line_1_56' title="bbox 415 4367 1501 4438; baseline 0.005 -22"><span class='ocrx_word' id='word_1_376' title='bbox 415 4367 528 4418; x_wconf 86' lang='lat' dir='ltr'><strong>Gentium</strong></span> <span class='ocrx_word' id='word_1_377' title='bbox 539 4385 592 4418; x_wconf 92' lang='lat' dir='ltr'><strong>cum</strong></span> <span class='ocrx_word' id='word_1_378' title='bbox 605 4387 676 4420; x_wconf 75' lang='lat' dir='ltr'><strong>uxore</strong></span> <span class='ocrx_word' id='word_1_379' title='bbox 686 4383 710 4420; x_wconf 88' lang='lat' dir='ltr'><strong>et</strong></span> <span class='ocrx_word' id='word_1_380' title='bbox 722 4373 784 4420; x_wconf 86' lang='lat' dir='ltr'><strong>omni</strong></span> <span class='ocrx_word' id='word_1_381' title='bbox 796 4375 876 4438; x_wconf 80' lang='lat' dir='ltr'><strong>stirpe.</strong></span> <span class='ocrx_word' id='word_1_382' title='bbox 983 4369 1046 4426; x_wconf 71' lang='lat'><strong>⁹⁶0.</strong></span> <span class='ocrx_word' id='word_1_383' title='bbox 1066 4371 1148 4420; x_wconf 78' lang='lat' dir='ltr'><strong>Fabius</strong></span> <span class='ocrx_word' id='word_1_384' title='bbox 1168 4371 1257 4436; x_wconf 79' lang='lat' dir='ltr'><strong>Pictor]</strong></span> <span class='ocrx_word' id='word_1_385' title='bbox 1284 4371 1350 4421; x_wconf 83' lang='lat' dir='ltr'><strong>Huic</strong></span> <span class='ocrx_word' id='word_1_386' title='bbox 1371 4388 1464 4435; x_wconf 71' lang='lat' dir='ltr'><strong>prmo·</strong></span> <span class='ocrx_word' id='word_1_387' title='bbox 1495 4385 1501 4392; x_wconf 85' lang='lat'><strong>·</strong></span> 
     </span>
     <span class='ocr_line' id='line_1_57' title="bbox 448 4433 1466 4501; baseline 0.003 -20"><span class='ocrx_word' id='word_1_388' title='bbox 448 4434 469 4468; x_wconf 72' lang='lat'><strong>²⁴</strong></span> <span class='ocrx_word' id='word_1_389' title='bbox 482 4435 557 4488; x_wconf 71' lang='lat' dir='ltr'><strong>Quium</strong></span> <span class='ocrx_word' id='word_1_390' title='bbox 585 4433 650 4483; x_wconf 79' lang='lat' dir='ltr'><strong>irater</strong></span> <span class='ocrx_word' id='word_1_391' title='bbox 674 4439 779 4484; x_wconf 75' lang='lat' dir='ltr'><strong>erneitnr</strong></span> <span class='ocrx_word' id='word_1_392' title='bbox 807 4454 921 4501; x_wconf 71' lang='lat' dir='ltr'><strong>nunquan</strong></span> <span class='ocrx_word' id='word_1_393' title='bbox 952 4451 1007 4486; x_wconf 89' lang='lat' dir='ltr'><strong>men</strong></span> <span class='ocrx_word' id='word_1_394' title='bbox 1034 4437 1167 4485; x_wconf 77' lang='lat' dir='ltr'><strong>dabaturin</strong></span> <span class='ocrx_word' id='word_1_395' title='bbox 1185 4450 1267 4485; x_wconf 85' lang='lat' dir='ltr'><strong>vetere</strong></span> <span class='ocrx_word' id='word_1_396' title='bbox 1286 4439 1415 4501; x_wconf 72' lang='lat' dir='ltr'><strong>exemplari</strong></span> <span class='ocrx_word' id='word_1_397' title='bbox 1434 4437 1466 4484; x_wconf 80' lang='grc' dir='ltr'>Μ</span> 
     </span>
    </p>
   </div>
   <div class='ocr_carea' id='block_1_12' title="bbox 414 4498 1448 4628">
    <p class='ocr_par' dir='ltr' id='par_1_13' title="bbox 414 4498 1448 4628">
     <span class='ocr_line' id='line_1_58' title="bbox 414 4498 1448 4565; baseline 0.004 -15"><span class='ocrx_word' id='word_1_398' title='bbox 414 4498 547 4561; x_wconf 77' lang='lat' dir='ltr'><strong>edrrriuent]</strong></span> <span class='ocrx_word' id='word_1_399' title='bbox 558 4498 631 4559; x_wconf 78' lang='lat' dir='ltr'><strong>Magia</strong></span> <span class='ocrx_word' id='word_1_400' title='bbox 643 4501 742 4562; x_wconf 84' lang='lat' dir='ltr'><strong>placeret</strong></span> <span class='ocrx_word' id='word_1_401' title='bbox 754 4517 868 4565; x_wconf 75' lang='lat' dir='ltr'><strong>nusquam.</strong></span> <span class='ocrx_word' id='word_1_402' title='bbox 952 4503 1057 4554; x_wconf 77' lang='lat' dir='ltr'><strong>Mutavit</strong></span> <span class='ocrx_word' id='word_1_403' title='bbox 1068 4502 1173 4565; x_wconf 78' lang='lat' dir='ltr'><strong>Sigonius</strong></span> <span class='ocrx_word' id='word_1_404' title='bbox 1183 4519 1213 4554; x_wconf 82' lang='lat' dir='ltr'><strong>ex</strong></span> <span class='ocrx_word' id='word_1_405' title='bbox 1223 4502 1240 4551; x_wconf 81' lang='lat' dir='ltr'><strong>i.</strong></span> <span class='ocrx_word' id='word_1_406' title='bbox 1252 4514 1358 4554; x_wconf 73' lang='lat' dir='ltr'><strong>xxxt&#39;tt.</strong></span> <span class='ocrx_word' id='word_1_407' title='bbox 1369 4519 1391 4556; x_wconf 79' lang='lat' dir='ltr'><strong>t.</strong></span> <span class='ocrx_word' id='word_1_408' title='bbox 1402 4505 1448 4554; x_wconf 77' lang='lat'><strong>47.</strong></span> 
     </span>
     <span class='ocr_line' id='line_1_59' title="bbox 446 4563 920 4628; baseline 0.004 -14"><span class='ocrx_word' id='word_1_409' title='bbox 446 4563 468 4598; x_wconf 72' lang='lat'><strong>⁹³</strong></span> <span class='ocrx_word' id='word_1_410' title='bbox 479 4563 635 4628; x_wconf 73' lang='lat' dir='ltr'><strong>intercalares]</strong></span> <span class='ocrx_word' id='word_1_411' title='bbox 664 4563 710 4614; x_wconf 88' lang='lat' dir='ltr'><strong>Vel</strong></span> <span class='ocrx_word' id='word_1_412' title='bbox 727 4565 821 4626; x_wconf 83' lang='lat' dir='ltr'><strong>excidit,</strong></span> <span class='ocrx_word' id='word_1_413' title='bbox 834 4565 872 4618; x_wconf 81' lang='lat' dir='ltr'><strong>rei</strong></span> <span class='ocrx_word' id='word_1_414' title='bbox 882 4566 920 4616; x_wconf 83' lang='lat' dir='ltr'><strong>in·</strong></span> 
     </span>
    </p>
   </div>
   <div class='ocr_carea' id='block_1_13' title="bbox 0 0 1634 5225">
    <p class='ocr_par' dir='ltr' id='par_1_14' title="bbox 0 0 1634 5225">
     <span class='ocr_line' id='line_1_60' title="bbox 0 0 1634 5225; baseline 0 0"><span class='ocrx_word' id='word_1_415' title='bbox 0 0 1634 5225; x_wconf 95' lang='lat' dir='ltr'><strong> </strong></span> 
     </span>
    </p>
   </div>
  </div>
 </body>
</html>
