3184 5225
388 357 429 412 Ἄ
790 347 877 410 TlTl
896 345 996 406 mvn

225 511 369 565 ηοω.
391 505 513 568 ‘viores
538 526 592 568 eru
615 503 737 566 adcolas
759 499 880 566 Gracia
905 501 1071 578 habuisset,
1102 519 1194 580 quam
1223 500 1298 565 Asia
1325 499 1431 568 Gallos

225 577 296 630 ac.
309 579 363 630 ¹⁷⁴·
391 594 539 656 ‘uatem
582 590 630 657 m
643 609 697 671 spe
711 589 863 670 aanor,
879 607 942 650 non
957 599 1062 650 amen
1076 586 1148 648 seru
1163 588 1291 652 sanstus
1305 591 1430 654 omisit:

391 681 521 756 ‘immo,
535 679 561 740 si
576 697 648 738 vera
659 675 797 736 volumus
813 674 926 752 dicere,
935 671 1002 755 jam
1017 673 1172 736 inchoavit
1186 673 1311 738 bellum.
1331 673 1429 738 Dolo·

391 769 403 800 ‘
417 766 501 848 piam
514 764 606 826 armis
620 762 750 843 subegit,
770 765 853 822 'nec
868 759 1031 842 provinciis
1046 759 1085 822 de
1099 761 1300 822 controversis
1313 762 1354 824 ad
1368 762 1430 826 dis·

392 855 402 886 ‘
416 850 623 931 ceptatiooem
637 849 785 930 populum
795 846 989 910 Romanum¹
1001 845 1123 908 adivitr.
1137 846 1220 925 inde,

391 940 403 972 ‘
416 937 533 1012 (Euam,
547 947 583 997 ut
597 945 722 1017 repente
736 934 769 996 in
782 934 885 996 medio
901 932 1045 996 umbilico
1060 929 1185 996 Graeciae
1198 935 1431 1016 conspiceretur,

390 1021 555 1104 ‘Delphos
580 1020 751 1084 adscendit.
806 1018 879 1080 Hac
909 1019 1065 1100 usurpatio
1092 1019 1207 1082 itineris
1234 1020 1345 1084 insoliti
1369 1041 1430 1102 quo

391 1111 401 1142 ‘
416 1109 501 1170 vobis
515 1119 655 1188 spectare
669 1105 806 1168 videm?
829 1103 1021 1168 Thessaliam
1033 1105 1142 1168 deinde
1157 1106 1336 1187 peragravit.
1347 1107 1430 1187 quod

390 1195 484 1256 ‘sine
506 1192 596 1255 ullius
620 1213 736 1269 eorum,
760 1213 836 1272 quos
857 1191 975 1270 oderat,
997 1193 1101 1269 noxia,
1126 1192 1185 1254 hoc
1209 1193 1306 1274 magis
1331 1204 1431 1256 teutab

390 1281 536 1342 ‘tionem
558 1290 675 1342 metuo.
718 1274 794 1340 lnde
817 1278 918 1340 literas
945 1279 985 1342 ad
999 1299 1055 1340 nos
1079 1298 1148 1340 cum
1172 1279 1304 1340 muneris
1332 1279 1430 1360 specie

392 1367 402 1398 ‘
417 1367 511 1442 misit,
526 1377 559 1427 et
574 1366 711 1446 cogitare
719 1362 819 1445 jubet,
839 1384 901 1445 quo
915 1365 1008 1428 modo
1023 1365 1055 1426 in
1070 1364 1218 1445 reliquum
1234 1365 1293 1428 hoc
1308 1385 1430 1428 munere

286 1452 290 1461 “
392 1453 479 1514 ‘non
493 1472 657 1532 egeamus3
680 1452 739 1514 hoc
753 1463 812 1528 eat,
821 1463 856 1514 ut
872 1441 1039 1527 decretum,
1055 1471 1115 1531 quo
1128 1461 1268 1514 arcentur
1283 1449 1429 1532 Pelopon·

392 1539 492 1600 ‘oeso
506 1536 705 1613 Macedones,
720 1537 883 1613 tollamus3
908 1558 1008 1600 rursus
1023 1537 1140 1618 legatos
1158 1537 1268 1618 regios,
1282 1549 1314 1600 ct
1328 1537 1429 1619 hospi·

391 1624 463 1686 ‘tia
476 1645 546 1686 cuns
571 1623 769 1706 principibus,
783 1635 817 1688 et
829 1643 902 1686 mox
922 1621 1130 1686 Macedonum
1145 1623 1307 1701 exercitus,
1328 1623 1425 1705 ipsum

390 1711 402 1742 ‘
416 1730 537 1792 quoque
551 1732 571 1771 a
584 1707 712 1792 Delphis
742 1709 902 1790 (quantum
917 1711 999 1772 enim
1023 1709 1159 1774 interluit
1174 1709 1316 1790 fretumi)
1343 1708 1427 1791 traji-

391 1797 403 1830 ‘
417 1797 551 1859 cientem
566 1797 597 1858 in
613 1795 854 1879 Peloponnesum
870 1796 1035 1873 videamus,
1060 1799 1085 1836 ¹⁰
1098 1797 1308 1860 inmisceamur
1323 1794 1429 1860 Mace-

390 1882 545 1944 ‘douibus
559 1883 748 1950 armantibus
762 1903 795 1944 ae
811 1883 952 1944 aduersus
971 1880 1138 1947 Romanos.
1181 1881 1249 1963 Ego
1263 1883 1339 1946 nihil
1361 1883 1429 1946 novi

391 1969 528 2031 ‘censeo
543 1968 778 2047 decernendum,
793 1967 997 2050 servandaque
1021 1969 1126 2032 omnia
1139 1969 1269 2049 integra,
1297 1972 1319 2008 ¹¹
1332 1968 1428 2032 donee

391 2054 456 2115 ‘ad
471 2069 589 2118 certum
612 2055 790 2136 dirigatur¹,
816 2075 948 2118 vanusne
964 2055 1013 2114 hic
1029 2054 1121 2116 timor
1144 2067 1258 2132 noster,
1278 2075 1317 2116 an
1345 2075 1429 2116 verus

391 2140 518 2204 ‘fuerit
571 2139 604 2202 Si
634 2162 694 2224 pax
721 2140 867 2202 inviolata
892 2141 969 2202 inter
998 2138 1188 2204 Macedonas
1219 2139 1430 2222 Romanosque

389 2227 563 2304 ‘manebit,
578 2227 666 2288 nobis
683 2247 805 2308 quoque
819 2226 954 2290 amicitia
968 2237 1001 2288 et
1023 2228 1237 2288 commercium
1257 2227 1314 2288 sit:
1347 2246 1427 2288 nunc

389 2313 401 2344 ‘
416 2313 454 2374 de
470 2333 509 2374 eo
522 2313 659 2396 cogitare
673 2313 878 2396 periculosum
890 2325 922 2374 et
937 2313 1122 2376 inmaturum
1136 2309 1271 2374 videtur!

223 2418 287 2467 Ara>
297 2417 367 2467 calli·
432 2397 549 2460 XXlV.
573 2398 647 2462 Post
662 2399 743 2462 hunc
758 2397 850 2476 Arco,
866 2397 960 2460 frater
974 2397 1128 2462 Xenarchi
1149 2397 1293 2480 praetoris,
1308 2398 1352 2460 ita
1366 2396 1427 2458 dis·

222 2484 280 2531 0²¹¹
290 2498 330 2531 τε·
388 2485 498 2545 seruit:
515 2482 700 2545 ‘Difficilem
711 2484 883 2546 orationem
895 2483 1085 2564 Callicrates,
1097 2485 1225 2560 etmihi,
1236 2494 1268 2546 et
1278 2483 1427 2560 omnibus,

224 2549 329 2613 ΨΜ·
389 2571 399 2602 ‘
415 2569 466 2651 qui
479 2570 518 2631 ab
530 2588 568 2633 eo
578 2569 780 2647 dissentimus,
790 2569 881 2633 fecit:
898 2570 1016 2653 agendo
1028 2571 1109 2635 enim
1119 2570 1266 2635 Romarm
1276 2569 1427 2633 societatis

389 2659 399 2691 ‘
414 2676 554 2718 caussam
569 2656 646 2737 ipse,
658 2656 831 2737 testarique
846 2670 878 2719 et
893 2658 1063 2739 obpugnari
1079 2658 1220 2736 dicendo,
1232 2676 1322 2738 quam
1337 2674 1427 2717 nemo

390 2744 400 2775 ‘
415 2762 514 2823 neque
523 2753 634 2818 tentat,
642 2762 740 2825 neque
748 2744 916 2825 obpugnat,
926 2743 1037 2823 effecit,
1043 2757 1088 2820 ut,
1095 2745 1145 2827 qui
1156 2746 1196 2807 ab
1205 2764 1237 2807 se
1247 2742 1428 2819 Mssentiret,

389 2831 400 2861 ⁴
416 2829 557 2890 adversus
572 2827 728 2892 Romanos
747 2828 849 2891 dicere
863 2830 1025 2893 videretur.
1069 2830 1115 2893 Ac
1130 2831 1260 2914 primum
1283 2828 1426 2903 omnium,

390 2917 401 2948 ‘
416 2926 573 2995 tamquam
593 2910 657 2975 non
671 2915 720 2977 hic
735 2916 893 2979 nobiscum
910 2916 1025 2994 fuisset,
1040 2918 1093 2981 scd
1109 2928 1162 2979 aut
1175 2938 1215 2979 ex
1229 2917 1313 2979 curia
1327 2914 1428 2996 populi

391 3002 402 3035 ‘
419 2998 551 3063 Romani
565 3000 690 3077 veniret,
704 3012 758 3062 aut
770 3022 876 3082 regum
893 3003 1010 3065 arcanis
1027 3003 1194 3079 interesset,
1209 3003 1312 3065 omnia
1325 3000 1383 3063 scit
1397 3010 1429 3061 et

390 3087 402 3119 ‘
417 3088 553 3164 nunciat,
564 3108 630 3167 quas
641 3088 760 3151 occulte
772 3088 946 3151 factasunt.
973 3088 1130 3153 ¹²Divinat
1140 3090 1245 3166 etiam,
1256 3108 1319 3169 que
1330 3086 1428 3149 futura

391 3174 402 3205 ‘
416 3173 544 3249 fuerant,
559 3174 584 3233 si
600 3171 757 3255 Philippus
780 3176 924 3237 vixisset:
949 3175 1021 3257 quid
1037 3176 1081 3237 ita
1097 3174 1221 3237 Perseus
1236 3175 1318 3256 regni
1335 3174 1427 3234 haeres

389 3260 401 3291 ‘
415 3259 467 3337 sit,
482 3260 555 3341 quid
566 3272 676 3341 parent
690 3258 890 3338 Macedones,
902 3261 975 3342 quid
987 3262 1124 3343 cogitent
1136 3260 1278 3323 Romani.
1299 3258 1364 3320 Nos
1376 3276 1429 3319 au-

389 3346 401 3378 ‘
415 3356 489 3423 tem,
504 3346 566 3430 qui,
582 3366 639 3406 nec
651 3346 691 3407 ob
706 3366 797 3428 quarn
813 3367 960 3425 caussam,
970 3368 1027 3409 nec
1043 3346 1298 3431 quemadmodum
1308 3344 1430 3427 perierit

390 3433 400 3463 ‘
415 3430 599 3505 Demetrius,
616 3432 750 3510 scimus,
773 3454 830 3495 nec
846 3433 920 3513 quid
933 3431 1099 3515 Philippus,
1113 3435 1137 3495 si
1152 3434 1286 3510 vixisset,
1297 3430 1428 3493 facturus
1474 3454 1479 3465 ·

389 3516 544 3593 ‘ments
567 3518 607 3577 ad
622 3518 696 3595 haec,
718 3538 785 3598 qua
803 3520 904 3599 palam
927 3530 1082 3599 geruntur,
1104 3520 1231 3581 consilia
1251 3526 1352 3579 nocua
1372 3515 1429 3577 ad·

386 3601 609 3665 ‘commodare
621 3616 752 3685 oportet.
777 3604 856 3665 ¹³Ac
869 3606 991 3683 scimus,
1002 3604 1121 3685 Persea,
1135 3626 1228 3687 regno
1240 3613 1377 3685 accepto,
1389 3602 1430 3662 ad

420 3707 433 3732 ¹
446 3703 524 3761 populi
533 3700 628 3751 Rommrs'
637 3702 712 3750 Gran.
819 3710 830 3744 5
841 3712 1023 3764 uecproacemucs
1033 3706 1061 3753 de
1072 3706 1217 3753 cmtmmrsu's
1227 3703 1433 3763 oddaerptctiourn

383 3767 462 3827 prpuli
471 3764 665 3817 mutantes.
677 3768 747 3817 Cres.
815 3775 824 3799 ¹
834 3768 948 3832 redigatur
958 3768 1027 3817 Crev.
1037 3768 1111 3819 Doer.
1181 3768 1272 3831 ²suerit
1283 3767 1354 3817 Gran.
1364 3764 1434 3815 Cres.

418 3844 495 3895 ⁹Nee
508 3845 655 3909 prouocantes]
673 3846 769 3909 Supple,
783 3847 894 3909 Dolopas.
925 3848 962 3897 hic
988 3851 1019 3897 od
1044 3858 1128 3899 oenum
1159 3850 1279 3913 dirigatur.
1327 3846 1433 3899 Coerexit

387 3910 804 3975 Volgohicluheturaecpmineiis.
835 3912 894 3959 Pro-
926 3913 1063 3965 Gronovim.
1421 3950 1424 3957 ,

385 3976 483 4023 habilem
492 3978 600 4025 Grcrrovii
611 3975 797 4039 conjecturarum
804 3988 893 4025 textum
960 3978 980 4011 ¹³
995 3977 1089 4027 Divinae
1099 3980 1164 4027 etiam
1174 3976 1313 4040 pausatura
1320 3974 1431 4040 suerum]

385 4041 472 4101 recepit
482 4042 594 4100 cleram,
602 4058 647 4091 uec
655 4058 698 4091 acs
711 4042 830 4092 extmhore
843 4058 893 4091 ors-
924 4044 979 4093 Hoc
987 4055 1060 4093 mum
1068 4044 1314 4105 Gronovimanuam
1321 4054 1433 4101 gramma·

384 4104 504 4153 tinaimus.
925 4111 979 4158 tice
996 4110 1083 4171 legibus
1093 4110 1212 4165 mum,
1227 4107 1337 4171 jubetque
1354 4105 1434 4169 τιμαί

422 4168 448 4247 ¹⁰.
458 4169 630 4247 immisceamur]
649 4173 688 4221 Sic
704 4170 767 4220 dedit
788 4172 894 4234 S'ssouius
917 4174 1017 4238 finer-iot.
1050 4174 1097 4223 Sed
1117 4174 1231 4251 conceptis
1248 4173 1272 4221 in
1289 4170 1344 4220 lucis
1361 4186 1433 4233 quum

385 4247 446 4330 tt:
462 4250 467 4280 '
491 4250 678 4349 ''²''”'iim
695 4302 822 4367 ragan]
840 4302 892 4351 m
924 4239 1281 4368 itllttttzlltlt'lt
1291 4248 1433 4350 “affl

386 4378 431 4411 nec
450 4375 538 4411 eertum
561 4365 609 4421 liat,
625 4368 697 4415 donec
715 4380 779 4416 ceno
799 4369 892 4419 sciatur.
923 4370 1027 4433 exempla
1039 4369 1193 4419 viaNoram
1204 4368 1342 4417 Methodum
1348 4365 1434 4425 Ιίιιευε

385 4428 566 4478 Slehxum.
580 4432 618 4477 lt.
649 4430 689 4490 Et,
704 4435 723 4478 ti
737 4434 762 4479 td
778 4442 831 4481 orate
847 4436 891 4481 dut·
925 4434 1023 4483 hune.

385 4494 446 4541 dian
459 4492 552 4556 sudaret,
573 4495 694 4558 Qctonun
777 4497 844 4547 serbo
863 4500 893 4545 ad
960 4498 979 4533 ¹³
1006 4500 1135 4554 Acacium
1157 4497 1329 4549 Pm....m
1355 4495 1437 4557 legem

386 4566 470 4607 cenam
488 4560 601 4624 megine
643 4560 755 4618 Cassum
773 4561 894 4623 laetam
925 4561 1034 4614 &mcum
1063 4566 1151 4630 emim,
1180 4578 1207 4613 oc
1232 4576 1304 4625 regem
1343 4555 1437 4619 ΡΜ]
