3184 5225
391 360 446 415 112
806 354 888 413 TlTl
911 354 1010 413 Llllll

218 515 251 564 U.
263 506 292 563 c;
302 514 358 567 58³.
386 521 502 586 serent,
525 507 609 571 missi
631 519 714 585 sunt,
734 504 772 570 Τ.
787 506 904 569 Annius
918 506 1044 585 Luscus,
1061 504 1096 570 P.
1110 504 1224 571 Decius
1240 504 1368 589 Subulo,
1384 510 1437 574 M.

217 576 357 703 &3¹⁶2
386 594 543 657 Cornelius
569 592 746 674 Cethegus.'
779 592 898 655 Eodem
916 614 997 655 anno
1012 593 1049 655 C.
1070 593 1215 677 Popillius
1241 606 1274 657 et
1296 596 1353 658 Cn.
1367 596 1434 659 Oc·

219 705 288 755 Rom.
300 708 324 756 ᾗ,
386 682 482 744 tavius
498 680 601 761 legati,
616 680 667 759 qui
683 681 714 739 in
728 676 877 741 Graeciam
893 680 976 740 missi
999 692 1098 757 erant,
1123 683 1434 761 senatusconsultum,

219 770 318 822 Gracia.
384 765 500 828 Thebis
514 765 645 845 primum
661 765 834 841 recitatum,
849 786 903 846 per
917 784 1022 827 omnes
1044 764 1243 848 Peloponnesi
1268 770 1357 830 urbes
1373 771 1434 830 cir·

283 864 288 872 ’
385 850 600 925 cumtulerunt,
615 850 627 881 ‘
640 847 689 910 Ne
701 850 767 929 quis
777 849 870 911 ullam
881 872 944 912 rem
955 852 987 912 in
999 850 1112 912 bellum
1125 853 1354 935 magistratibus
1366 854 1433 916 Ro·

385 938 396 970 ‘
411 936 508 997 manis
523 934 686 1011 conferret,
699 946 896 1017 preterquam
908 937 991 1016 quod
1003 950 1126 999 senatus
1141 939 1327 1001 censuisset.¹
1359 938 1438 1003 Hoc'

386 1023 527 1084 fiduciam
543 1022 575 1082 in
590 1030 743 1103 postemm
756 1041 877 1101 quoquc
892 1024 1072 1101 prebuerat,
1088 1023 1202 1086 levatos
1218 1046 1250 1086 se
1270 1027 1431 1088 oneribus·

386 1108 468 1189 qued
482 1105 809 1188 inpensisque,quibus,
821 1106 881 1167 alia
891 1106 957 1166 aliis
968 1106 1197 1188 imperantibus,
1210 1102 1433 1173 exhaurieban-

386 1206 446 1256 tur.
467 1196 495 1233 θ’
505 1194 641 1254 Achaico
651 1192 782 1253 concilio
792 1191 885 1272 Argis
894 1194 1022 1273 agitato,
1033 1196 1060 1231 ⁰³
1069 1193 1200 1273 benigne
1214 1193 1302 1255 locuti
1315 1196 1433 1258 auditi·

385 1301 454 1361 que,
470 1282 496 1319 ⁹⁴
509 1278 632 1361 egregia
654 1297 709 1359 spe
734 1278 827 1339 futrni
851 1289 947 1340 status
971 1277 1118 1339 fidissima
1142 1289 1233 1359 gente
1255 1281 1370 1359 relicta,
1397 1284 1432 1343 in

385 1364 537 1428 AEtoliam
551 1364 746 1447 trajecerunt.
791 1362 836 1424 lbi
853 1365 987 1425 nondum
1005 1364 1127 1445 quidem
1142 1364 1252 1427 seditio
1272 1377 1348 1443 erat,
1375 1370 1432 1430 secl

386 1453 415 1491 ⁹⁵
427 1452 531 1512 omnia
552 1464 704 1533 suspecta,
730 1450 951 1530 criminumque
977 1450 1058 1511 inter
1083 1451 1166 1532 ipsos
1188 1450 1290 1532 plena.
1310 1452 1351 1513 ob
1366 1472 1432 1537 quae

386 1536 539 1598 obsidibus
575 1536 746 1620 postulatis,
778 1555 877 1616 neque
899 1536 982 1597 exitu
1005 1537 1048 1597 rei
1071 1536 1215 1618 inposito,
1238 1538 1269 1597 in
1292 1536 1433 1601 Acarna·

387 1624 469 1683 niam
484 1623 555 1684 inde
578 1622 706 1705 profecti
729 1621 821 1704 legati
846 1632 924 1684 sunt.
968 1619 1111 1704 ⁹⁶K'Ilryrii
1137 1623 1299 1684 concilium
1325 1624 1433 1705 legatis

386 1708 562 1770 Acarnanes
587 1709 746 1770 dederunt.
792 1707 837 1770 lbi
862 1728 979 1792 quoque
1006 1708 1086 1770 inter
1111 1708 1258 1798 lectiones
1282 1714 1347 1772 e'rat
1363 1732 1430 1772 cer·

386 1806 510 1857 tamen:
538 1794 661 1877 quidam
686 1794 857 1877 principum
885 1795 1049 1875 postulare,
1071 1806 1107 1855 ut
1126 1795 1264 1877 praesidia
1285 1796 1316 1857 in
1342 1798 1433 1859 urbes

387 1900 455 1941 suas
471 1881 684 1943 inducerentur
705 1880 846 1943 adversus
869 1881 1035 1947 amentiam
1061 1900 1176 1958 eorum,
1202 1884 1228 1927 ⁹⁷
1240 1883 1291 1962 qui
1307 1882 1346 1943 ad
1360 1881 1433 1945 Ma·

387 1967 520 2028 cedonas
536 1978 658 2049 gentem
673 1967 856 2029 trahebant:
880 1988 950 2049 pars
973 1986 1120 2045 recusare,
1146 1988 1195 2045 ne,
1214 1970 1240 2007 ⁹⁸
1253 1969 1335 2049 quod
1351 1970 1433 2031 bello

387 2054 486 2133 captis
507 2064 539 2115 et
560 2053 697 2115 hostibus
718 2074 786 2115 mos
808 2064 900 2131 esset,
922 2052 955 2113 id
978 2064 1093 2135 pacatae
1116 2066 1148 2116 et
1176 2054 1266 2115 sociae
1296 2056 1432 2117 civitates

387 2138 560 2218 ignominia
576 2140 760 2222 acciperent.
805 2136 895 2201 Justa
921 2140 1096 2221 deprecatio
1123 2140 1187 2201 haec
1210 2141 1283 2201 visa.
1327 2139 1432 2203 Laris·

388 2244 452 2285 sam
480 2225 520 2285 ad
544 2224 711 2288 Hostilium
737 2225 950 2307 proconsulem
977 2224 1028 2302 (ab
1053 2246 1092 2286 eo
1114 2226 1194 2287 enim
1221 2226 1304 2287 missi
1328 2228 1430 2306 erant)

305 2328 309 2333 ·
388 2309 480 2391 legati
497 2312 660 2374 redierunt.
704 2308 866 2373 Octavium
886 2312 1011 2373 retinuit
1030 2332 1143 2373 secum.
1188 2309 1349 2394 Popillium
1364 2332 1434 2374 cum

389 2397 472 2457 mille
486 2396 581 2459 ferme
595 2397 742 2457 militibus
757 2398 789 2457 in
805 2396 931 2456 hiberna
946 2397 1140 2457 Ambraciam
1156 2398 1249 2459 misit.

431 2480 548 2543 XVlll.
574 2480 708 2556 Perseus,
734 2482 884 2561 principio
911 2479 1018 2539 hiemis
1048 2482 1151 2559 egredi
1179 2482 1370 2544 Macedoniae
1397 2484 1434 2544 fi-

389 2567 476 2629 nibus
498 2587 560 2629 non
583 2585 683 2643 ausus,
716 2584 754 2627 ne
776 2584 838 2647 qua
860 2564 891 2625 in
915 2585 1040 2647 regnum
1067 2586 1195 2628 vacuum
1226 2568 1435 2648 inrumperent

389 2654 532 2730 Romani,
565 2653 620 2713 sub
652 2663 772 2731 tempus
809 2652 933 2730 brumae,
966 2671 1059 2733 quum
1097 2652 1350 2733 inexsuperabiles
1389 2657 1430 2714 ab

387 2738 546 2802 Thessalia
560 2749 678 2800 montes
693 2737 770 2798 nivis
796 2737 929 2800 altitudo
944 2736 1030 2817 facit,
1054 2739 1242 2800 occasionem
1258 2759 1323 2798 csse
1347 2749 1432 2800 ratus

388 2826 547 2907 frangendi
563 2823 759 2887 finitimorum
773 2844 843 2905 spes
859 2824 1048 2902 animosque,
1073 2823 1206 2908 nequid,
1222 2845 1326 2886 averso
1342 2845 1375 2885 se
1398 2826 1432 2886 in

388 2911 560 2974 Romanum
576 2909 699 2989 bellum,
724 2910 850 2991 periculi
875 2911 1020 2988 subesset,
1036 2931 1128 2992 quum
1143 2933 1162 2971 a
1174 2908 1306 2972 Thracia
1321 2930 1431 2992 pacem

388 2997 493 3081 Cotys,
523 2997 562 3058 ab
590 2995 684 3078 Epiro
708 2993 862 3078 Cephalus
886 2997 1047 3078 repentina
1072 2996 1240 3058 defectione
1268 3011 1297 3058 a·
1312 2995 1431 3058 Roma-

388 3085 434 3146 nis
459 3089 668 3166 'praestarent
695 3080 856 3144 Dardanos
883 3103 987 3145 recens
1018 3083 1187 3154 domuisset
1215 3081 1305 3161 bello,
1331 3083 1431 3144 solum

770 3231 782 3266 ‘¹
792 3233 891 3284 cuculus
901 3231 975 3282 Gron.
986 3233 1055 3286 Crer.

419 3361 441 3394 Μ
456 3348 555 3406 Achaico
576 3358 667 3406 concilio
693 3353 771 3420 Argis]
818 3355 895 3420 llepo·
928 3355 1045 3422 Polybius,
1064 3357 1177 3419 docetque
1196 3355 1367 3403 criminationes
1385 3351 1434 3402 illas

387 3424 489 3470 nendum
513 3433 550 3470 est
566 3422 638 3487 AEgr'i,
658 3437 688 3471 ex
710 3421 791 3485 Polyb.
815 3421 894 3482 Legat.
927 3420 980 3469 indo
994 3433 1056 3469 ortas
1075 3435 1133 3478 esse,
1150 3421 1209 3482 quod
1229 3421 1255 3467 hi
1273 3433 1362 3468 ceterm
1378 3433 1435 3466 cun·

389 3487 427 3535 ⁷⁴¹·
928 3488 1050 3536 tenderent
1068 3487 1129 3534 haud
1149 3488 1237 3534 sincera
1253 3485 1298 3533 lide
1318 3499 1370 3532 cum
1383 3482 1432 3529 llo-

419 3549 552 3616 ⁹³Benigm
573 3551 651 3615 muts]
694 3552 740 3600 Sed
770 3549 840 3612 magis
868 3561 893 3601 nt
928 3553 1000 3600 manis
1021 3553 1127 3613 sentim
1151 3551 1184 3599 illi
1207 3562 1347 3599 accusatores
1375 3561 1430 3594 sucs

387 3617 498 3664 sonitem
517 3617 665 3680 temporibus,
679 3633 748 3680 quam
767 3617 892 3666 exanimo.
927 3617 1046 3666 calumniis
1064 3619 1088 3665 in
1105 3631 1130 3665 ce
1148 3616 1240 3677 grassari
1257 3615 1367 3669 dicerent,
1386 3627 1432 3676 quo

387 3678 481 3730 Etenim
511 3683 647 3738 dicebamur,
675 3683 749 3745 inquit
779 3681 895 3746 Polybius,
925 3680 1090 3747 potentioribus
1101 3682 1256 3730 adularentur.

388 3748 513 3795 crartamrr'
528 3744 655 3810 tyanam,
678 3755 699 3793 et
718 3746 851 3806 Arctantur,
872 3755 894 3794 et
956 3747 978 3783 Φ
992 3747 1092 3810 l'hyn'r'J-
1103 3747 1195 3794 Nomen
1207 3743 1276 3808 hujus
1293 3742 1354 3790 urbis
1369 3745 1432 3791 varie

387 3809 513 3868 Polubium,
539 3821 644 3874 tonqrram
675 3811 756 3858 alienos
778 3829 793 3858 o
818 3813 894 3872 prpuli
925 3811 1038 3868 mihitur,
1066 3811 1199 3875 Tyrrhenam,
1230 3807 1350 3869 lllymms
1371 3805 1434 3854 Tim·

388 3867 483 3925 Rmimni
508 3877 578 3925 rebus.
617 3873 646 3921 ld
666 3881 737 3923 tomen
754 3873 835 3938 secere
849 3893 894 3924 um
926 3879 995 3936 rium,
1015 3876 1131 3940 llyrium.
1164 3872 1225 3923 Vide
1240 3870 1325 3920 Cellar.
1344 3872 1433 3938 Gcogr.

387 3951 439 3987 srrnt
459 3942 517 3998 auri,
537 3941 595 4004 quood
618 3938 704 3986 nullm
733 3955 820 3987 murum
843 3943 895 3988 sotir
926 3941 1024 3990 Antii.
1037 3943 1073 3989 1³.
1432 4000 1436 4008 ³

386 4007 515 4062 motabilem
533 4006 645 4066 bubernet,
669 4019 711 4051 cur
728 4019 762 4052 eos
776 4020 823 4052 reor
841 4021 894 4070 age·
956 4007 979 4043 ⁹¹
991 4006 1037 4060 Qui
1055 4007 1084 4052 ad
1107 4003 1336 4066 lilaeaiormrlgentem
1357 4001 1436 4048 trahe·

386 4077 445 4117 me
926 4071 989 4135 aar]
1022 4059 1157 4118 emensas
1176 4067 1294 4115 oman.
1326 4065 1433 4113 onmes

420 4133 442 4166 ⁵⁴
454 4131 552 4196 Egregia
560 4134 607 4218 cpe]
622 4134 649 4182 ld
661 4135 739 4194 estun
754 4138 844 4199 egregia
854 4151 893 4200 spe
927 4136 1098 4184 blacedmicrrm.

387 4197 551 4247 lutmistrtor.
583 4199 737 4260 Letemm‚ri
754 4203 798 4251 boc
816 4203 894 4250 durius
956 4199 1055 4254 eoum
1074 4201 1129 4248 bello
1148 4201 1215 4261 nuptis
1230 4207 1252 4245 ot
1276 4195 1367 4245 tenus
1387 4211 1434 4243 mor

388 4261 487 4319 videtur,
512 4261 561 4322 lege
581 4280 635 4313 cum
654 4267 765 4316 Murem:
793 4265 893 4332 Egregia
925 4267 987 4331 esset]
999 4266 1085 4323 Potius,
1100 4267 1156 4327 qnod
1175 4265 1306 4324 belloruptos
1323 4269 1345 4308 et
1362 4259 1432 4307 hostes

387 4325 771 4455 ‘iahilffilrfffilllt
809 4415 835 4447 t.
855 4399 879 4446 a
924 4329 1239 4446 lisimalllllili'w‘
1256 4328 1349 4388 ‘'W'‘
1364 4327 1434 4387 “W

387 4467 422 4506 ter
441 4459 494 4518 {luet
511 4456 591 4522 plena]
625 4459 683 4510 Rem
702 4416 892 4528 lusinsmqexponit
960 4460 1123 4524 ¹Prcstoreut]
1137 4459 1190 4509 'Sic
1210 4459 1346 4510 neuntiorcs
1362 4456 1433 4508 eliu:
