<?xml version="1.0" encoding="UTF-8"?>
<!DOCTYPE html PUBLIC "-//W3C//DTD XHTML 1.0 Transitional//EN"
    "http://www.w3.org/TR/xhtml1/DTD/xhtml1-transitional.dtd">
<html xmlns="http://www.w3.org/1999/xhtml" xml:lang="en" lang="en">
 <head>
  <title>
</title>
<meta http-equiv="Content-Type" content="text/html;charset=utf-8" />
  <meta name='ocr-system' content='tesseract 3.04.00' />
  <meta name='ocr-capabilities' content='ocr_page ocr_carea ocr_par ocr_line ocrx_word'/>
</head>
<body>
  <div class='ocr_page' id='page_1' title='image "./tliviipatavinih02grongoog_0011.png"; bbox 0 0 3184 5225; ppageno 0'>
   <div class='ocr_carea' id='block_1_1' title="bbox 503 360 1200 424">
    <p class='ocr_par' dir='ltr' id='par_1_1' title="bbox 503 360 1200 424">
     <span class='ocr_line' id='line_1_1' title="bbox 503 360 1200 424; baseline -0.004 -2"><span class='ocrx_word' id='word_1_1' title='bbox 503 364 581 423; x_wconf 86' lang='lat' dir='ltr'><strong>LIB.</strong></span> <span class='ocrx_word' id='word_1_2' title='bbox 593 362 679 424; x_wconf 73' lang='lat' dir='ltr'><strong>xm.</strong></span> <span class='ocrx_word' id='word_1_3' title='bbox 699 364 780 424; x_wconf 76' lang='lat' dir='ltr'><strong>CAP.</strong></span> <span class='ocrx_word' id='word_1_4' title='bbox 794 364 833 421; x_wconf 90' lang='lat' dir='ltr'><strong>ll.</strong></span> <span class='ocrx_word' id='word_1_5' title='bbox 1176 360 1200 419; x_wconf 74' lang='lat'><em>8</em></span> 
     </span>
    </p>
   </div>
   <div class='ocr_carea' id='block_1_2' title="bbox 143 517 1359 3620">
    <p class='ocr_par' dir='ltr' id='par_1_2' title="bbox 143 517 1355 861">
     <span class='ocr_line' id='line_1_2' title="bbox 143 517 1355 603; baseline -0.004 -18"><span class='ocrx_word' id='word_1_6' title='bbox 143 522 253 585; x_wconf 80' lang='lat' dir='ltr'><strong>cohors</strong></span> <span class='ocrx_word' id='word_1_7' title='bbox 270 518 450 581; x_wconf 84' lang='lat' dir='ltr'><strong>Placentina</strong></span> <span class='ocrx_word' id='word_1_8' title='bbox 464 520 610 603; x_wconf 87' lang='lat' dir='ltr'><strong>obposita</strong></span> <span class='ocrx_word' id='word_1_9' title='bbox 623 521 703 582; x_wconf 90' lang='lat' dir='ltr'><strong>inter</strong></span> <span class='ocrx_word' id='word_1_10' title='bbox 716 542 801 583; x_wconf 85' lang='lat' dir='ltr'><strong>mare</strong></span> <span class='ocrx_word' id='word_1_11' title='bbox 815 530 849 580; x_wconf 91' lang='lat' dir='ltr'><strong>et</strong></span> <span class='ocrx_word' id='word_1_12' title='bbox 862 529 979 580; x_wconf 86' lang='lat' dir='ltr'><strong>castra:</strong></span> <span class='ocrx_word' id='word_1_13' title='bbox 1002 529 1045 595; x_wconf 89' lang='lat' dir='ltr'><strong>et,</strong></span> <span class='ocrx_word' id='word_1_14' title='bbox 1059 528 1095 579; x_wconf 92' lang='lat' dir='ltr'><strong>ut</strong></span> <span class='ocrx_word' id='word_1_15' title='bbox 1109 517 1240 586; x_wconf 80' lang='lat' dir='ltr'><strong>idemn.</strong></span> <span class='ocrx_word' id='word_1_16' title='bbox 1250 535 1355 586; x_wconf 71' lang='lat' dir='ltr'><strong>cerr,</strong></span> 
     </span>
     <span class='ocr_line' id='line_1_3' title="bbox 144 600 1346 689; baseline -0.003 -20"><span class='ocrx_word' id='word_1_17' title='bbox 144 606 341 689; x_wconf 75' lang='lat' dir='ltr'><strong>aquatoribus</strong></span> <span class='ocrx_word' id='word_1_18' title='bbox 364 606 403 667; x_wconf 85' lang='lat' dir='ltr'><strong>ad</strong></span> <span class='ocrx_word' id='word_1_19' title='bbox 424 606 548 668; x_wconf 90' lang='lat' dir='ltr'><strong>fluvium</strong></span> <span class='ocrx_word' id='word_1_20' title='bbox 571 618 651 669; x_wconf 87' lang='lat' dir='ltr'><strong>esset</strong></span> <span class='ocrx_word' id='word_1_21' title='bbox 671 607 855 689; x_wconf 72' lang='lat' dir='ltr'><strong>presidium,</strong></span> <span class='ocrx_word' id='word_1_22' title='bbox 873 603 921 667; x_wconf 90' lang='lat' dir='ltr'><strong>M.</strong></span> <span class='ocrx_word' id='word_1_23' title='bbox 935 603 1080 668; x_wconf 81' lang='lat' dir='ltr'><strong>AEbutius</strong></span> <span class='ocrx_word' id='word_1_24' title='bbox 1094 604 1192 667; x_wconf 86' lang='lat' dir='ltr'><strong>tribu·</strong></span> <span class='ocrx_word' id='word_1_25' title='bbox 1205 603 1236 651; x_wconf 65' lang='grc' dir='ltr'><strong>Α»</strong></span> <span class='ocrx_word' id='word_1_26' title='bbox 1247 602 1276 652; x_wconf 59' lang='grc' dir='ltr'>ὓ</span> <span class='ocrx_word' id='word_1_27' title='bbox 1287 600 1346 652; x_wconf 59' lang='grc' dir='ltr'><strong>ΙΝ*</strong></span> 
     </span>
     <span class='ocr_line' id='line_1_4' title="bbox 143 687 1260 775; baseline -0.003 -18"><span class='ocrx_word' id='word_1_28' title='bbox 143 716 199 757; x_wconf 88' lang='lat' dir='ltr'><strong>uus</strong></span> <span class='ocrx_word' id='word_1_29' title='bbox 223 693 356 771; x_wconf 83' lang='lat' dir='ltr'><strong>militurn</strong></span> <span class='ocrx_word' id='word_1_30' title='bbox 377 692 517 755; x_wconf 77' lang='lat' dir='ltr'><strong>secunda</strong></span> <span class='ocrx_word' id='word_1_31' title='bbox 537 692 671 775; x_wconf 86' lang='lat' dir='ltr'><strong>legionis</strong></span> <span class='ocrx_word' id='word_1_32' title='bbox 689 692 765 755; x_wconf 90' lang='lat' dir='ltr'><strong>duos</strong></span> <span class='ocrx_word' id='word_1_33' title='bbox 784 691 955 775; x_wconf 86' lang='lat' dir='ltr'><strong>manipulos</strong></span> <span class='ocrx_word' id='word_1_34' title='bbox 969 690 1097 754; x_wconf 78' lang='lat' dir='ltr'><strong>unlimm</strong></span> <span class='ocrx_word' id='word_1_35' title='bbox 1112 688 1192 773; x_wconf 84' lang='lat' dir='ltr'><strong>adji·</strong></span> <span class='ocrx_word' id='word_1_36' title='bbox 1257 687 1260 692; x_wconf 42' lang='lat'><strong>¹</strong></span> 
     </span>
     <span class='ocr_line' id='line_1_5' title="bbox 144 774 1193 861; baseline -0.003 -19"><span class='ocrx_word' id='word_1_37' title='bbox 144 801 214 842; x_wconf 85' lang='lat' dir='ltr'><strong>cere</strong></span> <span class='ocrx_word' id='word_1_38' title='bbox 234 777 336 861; x_wconf 79' lang='lat' dir='ltr'><strong>jussus</strong></span> <span class='ocrx_word' id='word_1_39' title='bbox 361 789 417 841; x_wconf 82' lang='lat' dir='ltr'><strong>est.</strong></span> <span class='ocrx_word' id='word_1_40' title='bbox 475 774 515 840; x_wconf 89' lang='lat' dir='ltr'><strong>T.</strong></span> <span class='ocrx_word' id='word_1_41' title='bbox 536 790 568 839; x_wconf 90' lang='lat' dir='ltr'><strong>et</strong></span> <span class='ocrx_word' id='word_1_42' title='bbox 589 777 625 840; x_wconf 91' lang='lat' dir='ltr'><strong>C.</strong></span> <span class='ocrx_word' id='word_1_43' title='bbox 643 776 720 840; x_wconf 89' lang='lat' dir='ltr'><strong>AElii</strong></span> <span class='ocrx_word' id='word_1_44' title='bbox 747 779 860 841; x_wconf 88' lang='lat' dir='ltr'><strong>tribuni</strong></span> <span class='ocrx_word' id='word_1_45' title='bbox 885 778 1017 842; x_wconf 91' lang='lat' dir='ltr'><strong>militum</strong></span> <span class='ocrx_word' id='word_1_46' title='bbox 1040 777 1193 859; x_wconf 81' lang='lat' dir='ltr'><strong>legionem</strong></span> 
     </span>
    </p>

    <p class='ocr_par' dir='ltr' id='par_1_3' title="bbox 144 860 1203 1121">
     <span class='ocr_line' id='line_1_6' title="bbox 144 860 1194 947; baseline -0.002 -18"><span class='ocrx_word' id='word_1_47' title='bbox 144 866 278 941; x_wconf 85' lang='lat' dir='ltr'><strong>tertiam,</strong></span> <span class='ocrx_word' id='word_1_48' title='bbox 302 886 369 946; x_wconf 85' lang='lat' dir='ltr'><strong>quse</strong></span> <span class='ocrx_word' id='word_1_49' title='bbox 395 864 588 947; x_wconf 80' lang='lat' dir='ltr'>pabulatores</span> <span class='ocrx_word' id='word_1_50' title='bbox 616 876 649 927; x_wconf 87' lang='lat' dir='ltr'><strong>et</strong></span> <span class='ocrx_word' id='word_1_51' title='bbox 678 860 844 947; x_wconf 87' lang='lat' dir='ltr'><strong>lignatores</strong></span> <span class='ocrx_word' id='word_1_52' title='bbox 872 875 1016 942; x_wconf 87' lang='lat' dir='ltr'><strong>tueretur,</strong></span> <span class='ocrx_word' id='word_1_53' title='bbox 1042 864 1101 940; x_wconf 87' lang='lat' dir='ltr'><strong>via,</strong></span> <span class='ocrx_word' id='word_1_54' title='bbox 1126 884 1194 945; x_wconf 69' lang='lat' dir='ltr'><strong>quac</strong></span> 
     </span>
     <span class='ocr_line' id='line_1_7' title="bbox 144 949 1203 1033; baseline -0.001 -18"><span class='ocrx_word' id='word_1_55' title='bbox 144 950 317 1033; x_wconf 75' lang='lat' dir='ltr'><strong>Aquileiam</strong></span> <span class='ocrx_word' id='word_1_56' title='bbox 340 951 408 1029; x_wconf 89' lang='lat' dir='ltr'><strong>fert,</strong></span> <span class='ocrx_word' id='word_1_57' title='bbox 432 951 591 1013; x_wconf 88' lang='lat' dir='ltr'><strong>duxerant.</strong></span> <span class='ocrx_word' id='word_1_58' title='bbox 648 950 698 1011; x_wconf 87' lang='lat' dir='ltr'><strong>Ab</strong></span> <span class='ocrx_word' id='word_1_59' title='bbox 720 952 830 1013; x_wconf 89' lang='lat' dir='ltr'><strong>eadem</strong></span> <span class='ocrx_word' id='word_1_60' title='bbox 852 951 976 1031; x_wconf 85' lang='lat' dir='ltr'><strong>regione</strong></span> <span class='ocrx_word' id='word_1_61' title='bbox 999 950 1082 1011; x_wconf 88' lang='lat' dir='ltr'><strong>mille</strong></span> <span class='ocrx_word' id='word_1_62' title='bbox 1097 949 1203 1014; x_wconf 84' lang='lat' dir='ltr'><strong>ferme.</strong></span> 
     </span>
     <span class='ocr_line' id='line_1_8' title="bbox 146 1034 1193 1121; baseline -0.004 -21"><span class='ocrx_word' id='word_1_63' title='bbox 146 1060 288 1121; x_wconf 76' lang='lat' dir='ltr'><strong>passuum</strong></span> <span class='ocrx_word' id='word_1_64' title='bbox 315 1048 421 1099; x_wconf 88' lang='lat' dir='ltr'><strong>contra</strong></span> <span class='ocrx_word' id='word_1_65' title='bbox 451 1047 539 1099; x_wconf 89' lang='lat' dir='ltr'><strong>erant</strong></span> <span class='ocrx_word' id='word_1_66' title='bbox 563 1034 736 1098; x_wconf 80' lang='lat' dir='ltr'><strong>Gallorum:</strong></span> <span class='ocrx_word' id='word_1_67' title='bbox 768 1036 973 1099; x_wconf 76' lang='lat' dir='ltr'><strong>⁴Catmeluse</strong></span> <span class='ocrx_word' id='word_1_68' title='bbox 1000 1057 1060 1119; x_wconf 92' lang='lat' dir='ltr'><strong>pro</strong></span> <span class='ocrx_word' id='word_1_69' title='bbox 1088 1037 1193 1117; x_wconf 84' lang='lat' dir='ltr'><strong>regulo</strong></span> 
     </span>
    </p>

    <p class='ocr_par' dir='ltr' id='par_1_4' title="bbox 146 1122 948 1205">
     <span class='ocr_line' id='line_1_9' title="bbox 146 1122 948 1205; baseline 0.001 -20"><span class='ocrx_word' id='word_1_70' title='bbox 146 1137 211 1187; x_wconf 89' lang='lat' dir='ltr'><strong>erat</strong></span> <span class='ocrx_word' id='word_1_71' title='bbox 226 1124 324 1189; x_wconf 88' lang='lat' dir='ltr'><strong>tribus</strong></span> <span class='ocrx_word' id='word_1_72' title='bbox 336 1122 443 1185; x_wconf 80' lang='lat' dir='ltr'><strong>haurl‘¹</strong></span> <span class='ocrx_word' id='word_1_73' title='bbox 458 1123 588 1205; x_wconf 88' lang='lat' dir='ltr'><strong>amplius</strong></span> <span class='ocrx_word' id='word_1_74' title='bbox 605 1123 736 1185; x_wconf 89' lang='lat' dir='ltr'><strong>millibus</strong></span> <span class='ocrx_word' id='word_1_75' title='bbox 752 1135 948 1186; x_wconf 86' lang='lat' dir='ltr'><strong>armatorum.</strong></span> 
     </span>
    </p>

    <p class='ocr_par' dir='ltr' id='par_1_5' title="bbox 145 1206 1359 2588">
     <span class='ocr_line' id='line_1_10' title="bbox 188 1206 1359 1292; baseline 0 -21"><span class='ocrx_word' id='word_1_76' title='bbox 188 1209 230 1271; x_wconf 88' lang='lat' dir='ltr'><strong>ll.</strong></span> <span class='ocrx_word' id='word_1_77' title='bbox 254 1208 336 1287; x_wconf 79' lang='lat' dir='ltr'><strong>latri,</strong></span> <span class='ocrx_word' id='word_1_78' title='bbox 351 1222 386 1271; x_wconf 93' lang='lat' dir='ltr'><strong>ut</strong></span> <span class='ocrx_word' id='word_1_79' title='bbox 400 1211 529 1292; x_wconf 89' lang='lat' dir='ltr'><strong>primum</strong></span> <span class='ocrx_word' id='word_1_80' title='bbox 553 1210 593 1271; x_wconf 85' lang='lat' dir='ltr'><strong>ad</strong></span> <span class='ocrx_word' id='word_1_81' title='bbox 615 1209 715 1271; x_wconf 88' lang='lat' dir='ltr'><strong>lacum</strong></span> <span class='ocrx_word' id='word_1_82' title='bbox 729 1206 849 1273; x_wconf 89' lang='lat' dir='ltr'><strong>Timavi</strong></span> <span class='ocrx_word' id='word_1_83' title='bbox 865 1224 967 1273; x_wconf 88' lang='lat' dir='ltr'><strong>castra</strong></span> <span class='ocrx_word' id='word_1_84' title='bbox 987 1221 1060 1271; x_wconf 90' lang='lat' dir='ltr'><strong>suut</strong></span> <span class='ocrx_word' id='word_1_85' title='bbox 1073 1208 1191 1271; x_wconf 50' lang='lat' dir='ltr'><strong>Romae</strong></span> <span class='ocrx_word' id='word_1_86' title='bbox 1203 1218 1259 1267; x_wconf 72' lang='lat' dir='ltr'><strong>latri</strong></span> <span class='ocrx_word' id='word_1_87' title='bbox 1271 1221 1359 1271; x_wconf 66' lang='lat' dir='ltr'><strong>tund«</strong></span> 
     </span>
     <span class='ocr_line' id='line_1_11' title="bbox 145 1296 1346 1379; baseline 0.007 -22"><span class='ocrx_word' id='word_1_88' title='bbox 145 1316 187 1357; x_wconf 85' lang='lat' dir='ltr'><strong>na</strong></span> <span class='ocrx_word' id='word_1_89' title='bbox 210 1309 308 1373; x_wconf 86' lang='lat' dir='ltr'><strong>mota,</strong></span> <span class='ocrx_word' id='word_1_90' title='bbox 335 1296 394 1379; x_wconf 88' lang='lat' dir='ltr'><strong>ipsi</strong></span> <span class='ocrx_word' id='word_1_91' title='bbox 421 1310 491 1379; x_wconf 87' lang='lat' dir='ltr'><strong>post</strong></span> <span class='ocrx_word' id='word_1_92' title='bbox 521 1296 631 1357; x_wconf 91' lang='lat' dir='ltr'><strong>collem</strong></span> <span class='ocrx_word' id='word_1_93' title='bbox 661 1297 784 1359; x_wconf 89' lang='lat' dir='ltr'><strong>occulto</strong></span> <span class='ocrx_word' id='word_1_94' title='bbox 811 1297 880 1359; x_wconf 91' lang='lat' dir='ltr'><strong>loco</strong></span> <span class='ocrx_word' id='word_1_95' title='bbox 905 1297 1110 1359; x_wconf 88' lang='lat' dir='ltr'><strong>consederunt</strong></span> <span class='ocrx_word' id='word_1_96' title='bbox 1117 1318 1129 1373; x_wconf 84' lang='lat'>3</span> <span class='ocrx_word' id='word_1_97' title='bbox 1158 1303 1191 1359; x_wconf 88' lang='lat' dir='ltr'><strong>et</strong></span> <span class='ocrx_word' id='word_1_98' title='bbox 1203 1297 1346 1365; x_wconf 57' lang='lat' dir='ltr'><strong>cumaeam</strong></span> 
     </span>
     <span class='ocr_line' id='line_1_12' title="bbox 150 1363 1322 1466; baseline 0 -21"><span class='ocrx_word' id='word_1_99' title='bbox 150 1382 221 1445; x_wconf 89' lang='lat' dir='ltr'><strong>inde</strong></span> <span class='ocrx_word' id='word_1_100' title='bbox 241 1382 372 1465; x_wconf 83' lang='lat' dir='ltr'><strong>obliquis</strong></span> <span class='ocrx_word' id='word_1_101' title='bbox 393 1382 549 1444; x_wconf 85' lang='lat' dir='ltr'><strong>itineribus</strong></span> <span class='ocrx_word' id='word_1_102' title='bbox 574 1403 684 1463; x_wconf 87' lang='lat' dir='ltr'><strong>agmen</strong></span> <span class='ocrx_word' id='word_1_103' title='bbox 710 1384 924 1465; x_wconf 81' lang='lat' dir='ltr'><strong>sequebantur,</strong></span> <span class='ocrx_word' id='word_1_104' title='bbox 946 1383 978 1445; x_wconf 90' lang='lat' dir='ltr'><strong>iu</strong></span> <span class='ocrx_word' id='word_1_105' title='bbox 995 1404 1119 1445; x_wconf 90' lang='lat' dir='ltr'><strong>omnem</strong></span> <span class='ocrx_word' id='word_1_106' title='bbox 1137 1363 1322 1466; x_wconf 56' lang='lat' dir='ltr'><strong>unffi</strong></span> 
     </span>
     <span class='ocr_line' id='line_1_13' title="bbox 147 1469 1193 1552; baseline 0.001 -23"><span class='ocrx_word' id='word_1_107' title='bbox 147 1470 301 1530; x_wconf 90' lang='lat' dir='ltr'><strong>casionem</strong></span> <span class='ocrx_word' id='word_1_108' title='bbox 331 1469 460 1531; x_wconf 88' lang='lat' dir='ltr'><strong>intenti:</strong></span> <span class='ocrx_word' id='word_1_109' title='bbox 495 1469 739 1549; x_wconf 86' lang='lat' dir='ltr'><strong>necquidquam</strong></span> <span class='ocrx_word' id='word_1_110' title='bbox 764 1491 828 1548; x_wconf 89' lang='lat' dir='ltr'><strong>cos,</strong></span> <span class='ocrx_word' id='word_1_111' title='bbox 858 1491 926 1551; x_wconf 82' lang='lat' dir='ltr'><strong>quae</strong></span> <span class='ocrx_word' id='word_1_112' title='bbox 953 1482 1034 1534; x_wconf 81' lang='lat' dir='ltr'><strong>terra</strong></span> <span class='ocrx_word' id='word_1_113' title='bbox 1057 1470 1193 1552; x_wconf 85' lang='lat' dir='ltr'><strong>marique</strong></span> 
     </span>
     <span class='ocr_line' id='line_1_14' title="bbox 147 1547 1194 1637; baseline -0.001 -20"><span class='ocrx_word' id='word_1_114' title='bbox 147 1565 319 1635; x_wconf 79' lang='lat' dir='ltr'><strong>agerentur,</strong></span> <span class='ocrx_word' id='word_1_115' title='bbox 334 1555 470 1617; x_wconf 86' lang='lat' dir='ltr'><strong>fallebat.</strong></span> <span class='ocrx_word' id='word_1_116' title='bbox 530 1547 693 1635; x_wconf 84' lang='lat' dir='ltr'><strong>Postquam</strong></span> <span class='ocrx_word' id='word_1_117' title='bbox 716 1557 865 1619; x_wconf 85' lang='lat' dir='ltr'><strong>stationes</strong></span> <span class='ocrx_word' id='word_1_118' title='bbox 887 1556 1033 1619; x_wconf 85' lang='lat' dir='ltr'><strong>invalidas</strong></span> <span class='ocrx_word' id='word_1_119' title='bbox 1053 1577 1120 1617; x_wconf 89' lang='lat' dir='ltr'><strong>esse</strong></span> <span class='ocrx_word' id='word_1_120' title='bbox 1136 1577 1194 1637; x_wconf 91' lang='lat' dir='ltr'><strong>pro</strong></span> 
     </span>
     <span class='ocr_line' id='line_1_15' title="bbox 146 1640 1194 1723; baseline -0.002 -18"><span class='ocrx_word' id='word_1_121' title='bbox 146 1642 264 1719; x_wconf 84' lang='lat' dir='ltr'><strong>castris,</strong></span> <span class='ocrx_word' id='word_1_122' title='bbox 281 1647 408 1705; x_wconf 79' lang='lat' dir='ltr'><strong>⁵eornm</strong></span> <span class='ocrx_word' id='word_1_123' title='bbox 424 1642 512 1703; x_wconf 88' lang='lat' dir='ltr'><strong>turba</strong></span> <span class='ocrx_word' id='word_1_124' title='bbox 528 1641 673 1705; x_wconf 80' lang='lat' dir='ltr'><strong>inermise</strong></span> <span class='ocrx_word' id='word_1_125' title='bbox 689 1640 831 1723; x_wconf 83' lang='lat' dir='ltr'><strong>frequens</strong></span> <span class='ocrx_word' id='word_1_126' title='bbox 845 1641 923 1704; x_wconf 87' lang='lat' dir='ltr'><strong>inter</strong></span> <span class='ocrx_word' id='word_1_127' title='bbox 936 1653 1037 1705; x_wconf 88' lang='lat' dir='ltr'><strong>castra</strong></span> <span class='ocrx_word' id='word_1_128' title='bbox 1057 1654 1090 1703; x_wconf 90' lang='lat' dir='ltr'><strong>et</strong></span> <span class='ocrx_word' id='word_1_129' title='bbox 1108 1663 1194 1705; x_wconf 85' lang='lat' dir='ltr'><strong>mare</strong></span> 
     </span>
     <span class='ocr_line' id='line_1_16' title="bbox 145 1725 1194 1807; baseline 0 -16"><span class='ocrx_word' id='word_1_130' title='bbox 145 1728 358 1806; x_wconf 88' lang='lat' dir='ltr'><strong>mercantium,</strong></span> <span class='ocrx_word' id='word_1_131' title='bbox 385 1729 450 1791; x_wconf 89' lang='lat' dir='ltr'><strong>sine</strong></span> <span class='ocrx_word' id='word_1_132' title='bbox 478 1727 541 1789; x_wconf 90' lang='lat' dir='ltr'><strong>ullo</strong></span> <span class='ocrx_word' id='word_1_133' title='bbox 570 1730 705 1793; x_wconf 86' lang='lat' dir='ltr'><strong>terrestri</strong></span> <span class='ocrx_word' id='word_1_134' title='bbox 731 1740 786 1793; x_wconf 89' lang='lat' dir='ltr'><strong>aut</strong></span> <span class='ocrx_word' id='word_1_135' title='bbox 815 1725 967 1793; x_wconf 79' lang='lat' dir='ltr'><strong>maritimo</strong></span> <span class='ocrx_word' id='word_1_136' title='bbox 993 1729 1194 1807; x_wconf 82' lang='lat' dir='ltr'><strong>munimento,</strong></span> 
     </span>
     <span class='ocr_line' id='line_1_17' title="bbox 146 1807 1193 1895; baseline 0.002 -20"><span class='ocrx_word' id='word_1_137' title='bbox 146 1814 306 1891; x_wconf 83' lang='lat' dir='ltr'><strong>videmnt3</strong></span> <span class='ocrx_word' id='word_1_138' title='bbox 336 1815 397 1877; x_wconf 89' lang='lat' dir='ltr'><strong>dno</strong></span> <span class='ocrx_word' id='word_1_139' title='bbox 417 1815 506 1877; x_wconf 88' lang='lat' dir='ltr'><strong>simul</strong></span> <span class='ocrx_word' id='word_1_140' title='bbox 529 1814 678 1895; x_wconf 83' lang='lat' dir='ltr'><strong>praesidia,</strong></span> <span class='ocrx_word' id='word_1_141' title='bbox 700 1813 882 1878; x_wconf 78' lang='lat' dir='ltr'><strong>Placentiae</strong></span> <span class='ocrx_word' id='word_1_142' title='bbox 903 1807 1049 1893; x_wconf 80' lang='lat' dir='ltr'><strong>cohortis,</strong></span> <span class='ocrx_word' id='word_1_143' title='bbox 1071 1828 1112 1877; x_wconf 77' lang='lat' dir='ltr'><strong>ct</strong></span> <span class='ocrx_word' id='word_1_144' title='bbox 1125 1836 1193 1877; x_wconf 88' lang='lat' dir='ltr'><strong>ma·</strong></span> 
     </span>
     <span class='ocr_line' id='line_1_18' title="bbox 148 1896 1193 1982; baseline -0.001 -19"><span class='ocrx_word' id='word_1_145' title='bbox 148 1896 321 1982; x_wconf 80' lang='lat' dir='ltr'><strong>nipnlbrum</strong></span> <span class='ocrx_word' id='word_1_146' title='bbox 343 1901 482 1965; x_wconf 78' lang='lat' dir='ltr'><strong>secunda</strong></span> <span class='ocrx_word' id='word_1_147' title='bbox 504 1901 646 1981; x_wconf 82' lang='lat' dir='ltr'><strong>legionis,</strong></span> <span class='ocrx_word' id='word_1_148' title='bbox 665 1901 895 1982; x_wconf 80' lang='lat' dir='ltr'><strong>adgrediuntur.</strong></span> <span class='ocrx_word' id='word_1_149' title='bbox 949 1902 1070 1963; x_wconf 83' lang='lat' dir='ltr'><strong>Nebula</strong></span> <span class='ocrx_word' id='word_1_150' title='bbox 1090 1912 1193 1963; x_wconf 90' lang='lat' dir='ltr'><strong>matu-</strong></span> 
     </span>
     <span class='ocr_line' id='line_1_19' title="bbox 148 1986 1194 2071; baseline 0 -22"><span class='ocrx_word' id='word_1_151' title='bbox 148 1988 214 2049; x_wconf 88' lang='lat' dir='ltr'><strong>tina</strong></span> <span class='ocrx_word' id='word_1_152' title='bbox 236 1999 354 2049; x_wconf 81' lang='lat' dir='ltr'><strong>texerat</strong></span> <span class='ocrx_word' id='word_1_153' title='bbox 377 1988 552 2070; x_wconf 88' lang='lat' dir='ltr'><strong>inceptum:</strong></span> <span class='ocrx_word' id='word_1_154' title='bbox 583 2008 644 2068; x_wconf 88' lang='lat' dir='ltr'><strong>qua</strong></span> <span class='ocrx_word' id='word_1_155' title='bbox 665 1986 817 2051; x_wconf 89' lang='lat' dir='ltr'><strong>dilabente</strong></span> <span class='ocrx_word' id='word_1_156' title='bbox 840 1987 879 2049; x_wconf 92' lang='lat' dir='ltr'><strong>ad</strong></span> <span class='ocrx_word' id='word_1_157' title='bbox 901 1990 1032 2071; x_wconf 90' lang='lat' dir='ltr'><strong>primum</strong></span> <span class='ocrx_word' id='word_1_158' title='bbox 1054 2001 1194 2071; x_wconf 86' lang='lat' dir='ltr'><strong>teporem</strong></span> 
     </span>
     <span class='ocr_line' id='line_1_20' title="bbox 147 2071 1209 2157; baseline -0.002 -22"><span class='ocrx_word' id='word_1_159' title='bbox 147 2073 229 2150; x_wconf 87' lang='lat' dir='ltr'><strong>solis,</strong></span> <span class='ocrx_word' id='word_1_160' title='bbox 252 2073 433 2155; x_wconf 72' lang='lat' dir='ltr'><strong>‘perlucens</strong></span> <span class='ocrx_word' id='word_1_161' title='bbox 458 2071 525 2157; x_wconf 88' lang='lat' dir='ltr'><strong>jam</strong></span> <span class='ocrx_word' id='word_1_162' title='bbox 548 2072 673 2155; x_wconf 90' lang='lat' dir='ltr'><strong>aliquid,</strong></span> <span class='ocrx_word' id='word_1_163' title='bbox 696 2075 812 2136; x_wconf 88' lang='lat' dir='ltr'><strong>incerta</strong></span> <span class='ocrx_word' id='word_1_164' title='bbox 833 2087 948 2157; x_wconf 87' lang='lat' dir='ltr'><strong>tamen,</strong></span> <span class='ocrx_word' id='word_1_165' title='bbox 969 2087 1004 2138; x_wconf 91' lang='lat' dir='ltr'><strong>ut</strong></span> <span class='ocrx_word' id='word_1_166' title='bbox 1025 2075 1114 2154; x_wconf 85' lang='lat' dir='ltr'><strong>solet,</strong></span> <span class='ocrx_word' id='word_1_167' title='bbox 1128 2074 1209 2151; x_wconf 66' lang='lat' dir='ltr'><strong>lux,</strong></span> 
     </span>
     <span class='ocr_line' id='line_1_21' title="bbox 147 2160 1261 2242; baseline 0.003 -23"><span class='ocrx_word' id='word_1_168' title='bbox 147 2160 279 2242; x_wconf 83' lang='lat' dir='ltr'><strong>speciem</strong></span> <span class='ocrx_word' id='word_1_169' title='bbox 302 2160 437 2223; x_wconf 89' lang='lat' dir='ltr'><strong>omniurn</strong></span> <span class='ocrx_word' id='word_1_170' title='bbox 460 2160 660 2241; x_wconf 88' lang='lat' dir='ltr'><strong>multiplicem</strong></span> <span class='ocrx_word' id='word_1_171' title='bbox 684 2160 813 2225; x_wconf 89' lang='lat' dir='ltr'><strong>intuenti</strong></span> <span class='ocrx_word' id='word_1_172' title='bbox 836 2162 976 2240; x_wconf 87' lang='lat' dir='ltr'><strong>reddens,</strong></span> <span class='ocrx_word' id='word_1_173' title='bbox 991 2172 1057 2222; x_wconf 89' lang='lat' dir='ltr'><strong>tum</strong></span> <span class='ocrx_word' id='word_1_174' title='bbox 1072 2180 1208 2240; x_wconf 77' lang='lat' dir='ltr'><strong>quoquc·</strong></span> <span class='ocrx_word' id='word_1_175' title='bbox 1258 2187 1261 2193; x_wconf 60' lang='lat'><strong><em>¹</em></strong></span> 
     </span>
     <span class='ocr_line' id='line_1_22' title="bbox 147 2244 1194 2327; baseline -0.001 -21"><span class='ocrx_word' id='word_1_176' title='bbox 147 2245 292 2309; x_wconf 81' lang='lat' dir='ltr'><strong>furstrata</strong></span> <span class='ocrx_word' id='word_1_177' title='bbox 307 2244 472 2323; x_wconf 85' lang='lat' dir='ltr'><strong>Romanos,</strong></span> <span class='ocrx_word' id='word_1_178' title='bbox 495 2244 592 2307; x_wconf 91' lang='lat' dir='ltr'><strong>multo</strong></span> <span class='ocrx_word' id='word_1_179' title='bbox 615 2244 763 2327; x_wconf 88' lang='lat' dir='ltr'><strong>majorem</strong></span> <span class='ocrx_word' id='word_1_180' title='bbox 788 2248 836 2324; x_wconf 92' lang='lat' dir='ltr'><strong>iis,</strong></span> <span class='ocrx_word' id='word_1_181' title='bbox 852 2267 944 2327; x_wconf 92' lang='lat' dir='ltr'><strong>quam</strong></span> <span class='ocrx_word' id='word_1_182' title='bbox 966 2259 1043 2322; x_wconf 87' lang='lat' dir='ltr'><strong>erat,</strong></span> <span class='ocrx_word' id='word_1_183' title='bbox 1058 2246 1194 2306; x_wconf 87' lang='lat' dir='ltr'><strong>hostium</strong></span> 
     </span>
     <span class='ocr_line' id='line_1_23' title="bbox 147 2332 1202 2413; baseline 0.001 -21"><span class='ocrx_word' id='word_1_184' title='bbox 147 2332 246 2393; x_wconf 88' lang='lat' dir='ltr'><strong>aciem</strong></span> <span class='ocrx_word' id='word_1_185' title='bbox 276 2332 421 2395; x_wconf 87' lang='lat' dir='ltr'><strong>ostendit.</strong></span> <span class='ocrx_word' id='word_1_186' title='bbox 450 2352 509 2413; x_wconf 85' lang='lat' dir='ltr'><strong>qua</strong></span> <span class='ocrx_word' id='word_1_187' title='bbox 534 2332 633 2395; x_wconf 87' lang='lat' dir='ltr'><strong>territi</strong></span> <span class='ocrx_word' id='word_1_188' title='bbox 661 2334 815 2413; x_wconf 88' lang='lat' dir='ltr'><strong>utriusque</strong></span> <span class='ocrx_word' id='word_1_189' title='bbox 842 2334 981 2395; x_wconf 86' lang='lat' dir='ltr'><strong>stationis</strong></span> <span class='ocrx_word' id='word_1_190' title='bbox 1010 2332 1120 2393; x_wconf 82' lang='lat' dir='ltr'><strong>milites</strong></span> <span class='ocrx_word' id='word_1_191' title='bbox 1147 2332 1202 2393; x_wconf 35' lang='lat' dir='ltr'><strong>ine</strong></span> 
     </span>
     <span class='ocr_line' id='line_1_24' title="bbox 145 2417 1193 2501; baseline 0 -23"><span class='ocrx_word' id='word_1_192' title='bbox 145 2418 233 2499; x_wconf 87' lang='lat' dir='ltr'><strong>genti</strong></span> <span class='ocrx_word' id='word_1_193' title='bbox 256 2418 392 2482; x_wconf 89' lang='lat' dir='ltr'><strong>tumultu</strong></span> <span class='ocrx_word' id='word_1_194' title='bbox 413 2421 502 2499; x_wconf 85' lang='lat' dir='ltr'><strong>quurn</strong></span> <span class='ocrx_word' id='word_1_195' title='bbox 523 2420 556 2480; x_wconf 90' lang='lat' dir='ltr'><strong>in</strong></span> <span class='ocrx_word' id='word_1_196' title='bbox 580 2428 680 2481; x_wconf 83' lang='lat' dir='ltr'><strong>castra</strong></span> <span class='ocrx_word' id='word_1_197' title='bbox 703 2419 920 2500; x_wconf 84' lang='lat' dir='ltr'><strong>confugissent,</strong></span> <span class='ocrx_word' id='word_1_198' title='bbox 935 2419 1016 2480; x_wconf 91' lang='lat' dir='ltr'><strong>haud</strong></span> <span class='ocrx_word' id='word_1_199' title='bbox 1032 2418 1134 2501; x_wconf 89' lang='lat' dir='ltr'><strong>paullo</strong></span> <span class='ocrx_word' id='word_1_200' title='bbox 1150 2417 1193 2479; x_wconf 86' lang='lat' dir='ltr'><strong>ibi</strong></span> 
     </span>
     <span class='ocr_line' id='line_1_25' title="bbox 147 2504 1195 2588; baseline 0.001 -23"><span class='ocrx_word' id='word_1_201' title='bbox 147 2504 228 2584; x_wconf 81' lang='lat' dir='ltr'><strong>plus,</strong></span> <span class='ocrx_word' id='word_1_202' title='bbox 257 2524 348 2585; x_wconf 88' lang='lat' dir='ltr'><strong>qnam</strong></span> <span class='ocrx_word' id='word_1_203' title='bbox 375 2504 454 2585; x_wconf 90' lang='lat' dir='ltr'><strong>qnod</strong></span> <span class='ocrx_word' id='word_1_204' title='bbox 478 2524 580 2565; x_wconf 89' lang='lat' dir='ltr'><strong>secum</strong></span> <span class='ocrx_word' id='word_1_205' title='bbox 605 2504 662 2588; x_wconf 86' lang='lat' dir='ltr'><strong>ipsi</strong></span> <span class='ocrx_word' id='word_1_206' title='bbox 688 2506 873 2585; x_wconf 84' lang='lat' dir='ltr'><strong>adtulerant,</strong></span> <span class='ocrx_word' id='word_1_207' title='bbox 898 2505 1021 2569; x_wconf 82' lang='lat' dir='ltr'><strong>terioris</strong></span> <span class='ocrx_word' id='word_1_208' title='bbox 1047 2504 1195 2566; x_wconf 87' lang='lat' dir='ltr'><strong>feceruut.</strong></span> 
     </span>
    </p>

    <p class='ocr_par' dir='ltr' id='par_1_6' title="bbox 147 2588 1193 2674">
     <span class='ocr_line' id='line_1_26' title="bbox 147 2588 1193 2674; baseline 0 -22"><span class='ocrx_word' id='word_1_209' title='bbox 147 2588 227 2652; x_wconf 87' lang='lat' dir='ltr'><strong>Nam</strong></span> <span class='ocrx_word' id='word_1_210' title='bbox 249 2610 349 2672; x_wconf 90' lang='lat' dir='ltr'><strong>neque</strong></span> <span class='ocrx_word' id='word_1_211' title='bbox 364 2590 474 2668; x_wconf 87' lang='lat' dir='ltr'><strong>dicere,</strong></span> <span class='ocrx_word' id='word_1_212' title='bbox 491 2591 562 2674; x_wconf 86' lang='lat' dir='ltr'><strong>quid</strong></span> <span class='ocrx_word' id='word_1_213' title='bbox 587 2590 745 2674; x_wconf 86' lang='lat' dir='ltr'><strong>fugissent,</strong></span> <span class='ocrx_word' id='word_1_214' title='bbox 761 2613 818 2654; x_wconf 88' lang='lat' dir='ltr'><strong>nec</strong></span> <span class='ocrx_word' id='word_1_215' title='bbox 834 2591 1103 2674; x_wconf 88' lang='lat' dir='ltr'><strong>percunctantibus</strong></span> <span class='ocrx_word' id='word_1_216' title='bbox 1122 2590 1193 2652; x_wconf 89' lang='lat' dir='ltr'><strong>red-</strong></span> 
     </span>
    </p>

    <p class='ocr_par' dir='ltr' id='par_1_7' title="bbox 148 2676 1196 2761">
     <span class='ocr_line' id='line_1_27' title="bbox 148 2676 1196 2761; baseline 0.003 -24"><span class='ocrx_word' id='word_1_217' title='bbox 148 2676 219 2740; x_wconf 86' lang='lat' dir='ltr'><strong>dere</strong></span> <span class='ocrx_word' id='word_1_218' title='bbox 240 2687 417 2760; x_wconf 80' lang='lat' dir='ltr'><strong>responsum</strong></span> <span class='ocrx_word' id='word_1_219' title='bbox 437 2690 600 2759; x_wconf 83' lang='lat' dir='ltr'><strong>poterant:</strong></span> <span class='ocrx_word' id='word_1_220' title='bbox 628 2691 660 2740; x_wconf 93' lang='lat' dir='ltr'><strong>et</strong></span> <span class='ocrx_word' id='word_1_221' title='bbox 679 2680 795 2741; x_wconf 85' lang='lat' dir='ltr'><strong>clamor</strong></span> <span class='ocrx_word' id='word_1_222' title='bbox 809 2679 840 2740; x_wconf 93' lang='lat' dir='ltr'><strong>in</strong></span> <span class='ocrx_word' id='word_1_223' title='bbox 856 2681 951 2761; x_wconf 87' lang='lat' dir='ltr'><strong>portis</strong></span> <span class='ocrx_word' id='word_1_224' title='bbox 970 2679 1018 2758; x_wconf 91' lang='lat' dir='ltr'><strong>(ut</strong></span> <span class='ocrx_word' id='word_1_225' title='bbox 1037 2679 1088 2739; x_wconf 91' lang='lat' dir='ltr'><strong>ubi</strong></span> <span class='ocrx_word' id='word_1_226' title='bbox 1111 2677 1196 2740; x_wconf 89' lang='lat' dir='ltr'><strong>nulla</strong></span> 
     </span>
    </p>

    <p class='ocr_par' dir='ltr' id='par_1_8' title="bbox 147 2765 1195 3012">
     <span class='ocr_line' id='line_1_28' title="bbox 147 2765 1194 2849; baseline -0.001 -23"><span class='ocrx_word' id='word_1_227' title='bbox 147 2776 227 2826; x_wconf 82' lang='lat' dir='ltr'><strong>esset</strong></span> <span class='ocrx_word' id='word_1_228' title='bbox 252 2765 357 2842; x_wconf 89' lang='lat' dir='ltr'><strong>statio,</strong></span> <span class='ocrx_word' id='word_1_229' title='bbox 381 2784 448 2844; x_wconf 77' lang='lat' dir='ltr'><strong>qua</strong></span> <span class='ocrx_word' id='word_1_230' title='bbox 472 2765 636 2828; x_wconf 84' lang='lat' dir='ltr'><strong>sustineret</strong></span> <span class='ocrx_word' id='word_1_231' title='bbox 660 2766 811 2849; x_wconf 90' lang='lat' dir='ltr'><strong>inpetum)</strong></span> <span class='ocrx_word' id='word_1_232' title='bbox 836 2766 1031 2828; x_wconf 86' lang='lat' dir='ltr'><strong>audiebatur:</strong></span> <span class='ocrx_word' id='word_1_233' title='bbox 1063 2777 1096 2826; x_wconf 91' lang='lat' dir='ltr'><strong>et</strong></span> <span class='ocrx_word' id='word_1_234' title='bbox 1120 2785 1194 2825; x_wconf 90' lang='lat' dir='ltr'><strong>con-</strong></span> 
     </span>
     <span class='ocr_line' id='line_1_29' title="bbox 169 2850 1194 2934; baseline 0.001 -24"><span class='ocrx_word' id='word_1_235' title='bbox 169 2850 282 2911; x_wconf 81' lang='lat' dir='ltr'><strong>arsatio</strong></span> <span class='ocrx_word' id='word_1_236' title='bbox 306 2851 338 2912; x_wconf 93' lang='lat' dir='ltr'><strong>in</strong></span> <span class='ocrx_word' id='word_1_237' title='bbox 360 2851 489 2912; x_wconf 85' lang='lat' dir='ltr'><strong>obscuro</strong></span> <span class='ocrx_word' id='word_1_238' title='bbox 514 2852 712 2914; x_wconf 87' lang='lat' dir='ltr'><strong>incidentium</strong></span> <span class='ocrx_word' id='word_1_239' title='bbox 726 2852 866 2934; x_wconf 71' lang='lat' dir='ltr'><strong>⁴aliorum</strong></span> <span class='ocrx_word' id='word_1_240' title='bbox 890 2852 923 2915; x_wconf 89' lang='lat' dir='ltr'><strong>in</strong></span> <span class='ocrx_word' id='word_1_241' title='bbox 946 2853 1022 2914; x_wconf 90' lang='lat' dir='ltr'><strong>alios</strong></span> <span class='ocrx_word' id='word_1_242' title='bbox 1043 2852 1194 2912; x_wconf 89' lang='lat' dir='ltr'><strong>incertum</strong></span> 
     </span>
     <span class='ocr_line' id='line_1_30' title="bbox 150 2935 1195 3012; baseline 0.002 -16"><span class='ocrx_word' id='word_1_243' title='bbox 150 2935 277 3012; x_wconf 89' lang='lat' dir='ltr'><strong>fecerat,</strong></span> <span class='ocrx_word' id='word_1_244' title='bbox 299 2958 339 3000; x_wconf 89' lang='lat' dir='ltr'><strong>an</strong></span> <span class='ocrx_word' id='word_1_245' title='bbox 363 2936 459 2998; x_wconf 85' lang='lat' dir='ltr'><strong>hostis</strong></span> <span class='ocrx_word' id='word_1_246' title='bbox 481 2937 562 2998; x_wconf 88' lang='lat' dir='ltr'><strong>intra</strong></span> <span class='ocrx_word' id='word_1_247' title='bbox 578 2938 688 3000; x_wconf 88' lang='lat' dir='ltr'><strong>vallum</strong></span> <span class='ocrx_word' id='word_1_248' title='bbox 707 2949 795 3000; x_wconf 85' lang='lat' dir='ltr'><strong>esset.</strong></span> <span class='ocrx_word' id='word_1_249' title='bbox 850 2936 924 3000; x_wconf 89' lang='lat' dir='ltr'><strong>Una</strong></span> <span class='ocrx_word' id='word_1_250' title='bbox 936 2960 995 3000; x_wconf 83' lang='lat' dir='ltr'><strong>vox</strong></span> <span class='ocrx_word' id='word_1_251' title='bbox 1015 2938 1195 2999; x_wconf 88' lang='lat' dir='ltr'><strong>audiebatur</strong></span> 
     </span>
    </p>

    <p class='ocr_par' dir='ltr' id='par_1_9' title="bbox 148 3021 1346 3367">
     <span class='ocr_line' id='line_1_31' title="bbox 149 3021 1346 3096; baseline 0.001 -15"><span class='ocrx_word' id='word_1_252' title='bbox 149 3021 186 3082; x_wconf 91' lang='lat' dir='ltr'><strong>ad</strong></span> <span class='ocrx_word' id='word_1_253' title='bbox 209 3043 292 3083; x_wconf 88' lang='lat' dir='ltr'><strong>mare</strong></span> <span class='ocrx_word' id='word_1_254' title='bbox 314 3024 497 3085; x_wconf 84' lang='lat' dir='ltr'><strong>vocantium.</strong></span> <span class='ocrx_word' id='word_1_255' title='bbox 557 3022 594 3085; x_wconf 96' lang='lat' dir='ltr'><strong>ld</strong></span> <span class='ocrx_word' id='word_1_256' title='bbox 616 3024 696 3086; x_wconf 85' lang='lat' dir='ltr'><strong>forte</strong></span> <span class='ocrx_word' id='word_1_257' title='bbox 716 3027 888 3086; x_wconf 69' lang='lat' dir='ltr'><strong>temere‘ab</strong></span> <span class='ocrx_word' id='word_1_258' title='bbox 909 3046 970 3087; x_wconf 91' lang='lat' dir='ltr'><strong>uno</strong></span> <span class='ocrx_word' id='word_1_259' title='bbox 989 3024 1194 3086; x_wconf 86' lang='lat' dir='ltr'><strong>exclamatum</strong></span> <span class='ocrx_word' id='word_1_260' title='bbox 1205 3031 1346 3096; x_wconf 71' lang='lat' dir='ltr'><strong>Fugiuntsd</strong></span> 
     </span>
     <span class='ocr_line' id='line_1_32' title="bbox 148 3100 1327 3193; baseline 0.003 -25"><span class='ocrx_word' id='word_1_261' title='bbox 148 3108 222 3170; x_wconf 90' lang='lat' dir='ltr'><strong>totis</strong></span> <span class='ocrx_word' id='word_1_262' title='bbox 246 3109 358 3190; x_wconf 86' lang='lat' dir='ltr'><strong>passim</strong></span> <span class='ocrx_word' id='word_1_263' title='bbox 382 3111 566 3190; x_wconf 89' lang='lat' dir='ltr'><strong>personabat</strong></span> <span class='ocrx_word' id='word_1_264' title='bbox 590 3111 705 3173; x_wconf 86' lang='lat' dir='ltr'><strong>castris.</strong></span> <span class='ocrx_word' id='word_1_265' title='bbox 763 3110 871 3192; x_wconf 89' lang='lat' dir='ltr'><strong>ltaque</strong></span> <span class='ocrx_word' id='word_1_266' title='bbox 892 3113 1003 3193; x_wconf 90' lang='lat' dir='ltr'><strong>primo,</strong></span> <span class='ocrx_word' id='word_1_267' title='bbox 1017 3112 1099 3172; x_wconf 89' lang='lat' dir='ltr'><strong>velut</strong></span> <span class='ocrx_word' id='word_1_268' title='bbox 1115 3109 1192 3192; x_wconf 88' lang='lat' dir='ltr'><strong>jussi</strong></span> <span class='ocrx_word' id='word_1_269' title='bbox 1206 3100 1327 3180; x_wconf 60' lang='lat' dir='ltr'><strong>marano-</strong></span> 
     </span>
     <span class='ocr_line' id='line_1_33' title="bbox 150 3183 1277 3280; baseline 0.004 -26"><span class='ocrx_word' id='word_1_270' title='bbox 150 3193 182 3254; x_wconf 90' lang='lat' dir='ltr'><strong>id</strong></span> <span class='ocrx_word' id='word_1_271' title='bbox 197 3194 306 3272; x_wconf 88' lang='lat' dir='ltr'><strong>facere,</strong></span> <span class='ocrx_word' id='word_1_272' title='bbox 320 3197 408 3276; x_wconf 89' lang='lat' dir='ltr'><strong>pauci</strong></span> <span class='ocrx_word' id='word_1_273' title='bbox 432 3197 551 3272; x_wconf 75' lang='lat' dir='ltr'><strong>arrecti,</strong></span> <span class='ocrx_word' id='word_1_274' title='bbox 568 3195 665 3277; x_wconf 89' lang='lat' dir='ltr'><strong>major</strong></span> <span class='ocrx_word' id='word_1_275' title='bbox 676 3219 749 3280; x_wconf 87' lang='lat' dir='ltr'><strong>pars</strong></span> <span class='ocrx_word' id='word_1_276' title='bbox 773 3198 914 3277; x_wconf 88' lang='lat' dir='ltr'><strong>inermes,</strong></span> <span class='ocrx_word' id='word_1_277' title='bbox 928 3199 969 3260; x_wconf 90' lang='lat' dir='ltr'><strong>ad</strong></span> <span class='ocrx_word' id='word_1_278' title='bbox 984 3219 1067 3260; x_wconf 89' lang='lat' dir='ltr'><strong>mare</strong></span> <span class='ocrx_word' id='word_1_279' title='bbox 1084 3199 1192 3259; x_wconf 86' lang='lat' dir='ltr'><strong>decur-</strong></span> <span class='ocrx_word' id='word_1_280' title='bbox 1205 3183 1277 3219; x_wconf 63' lang='grc' dir='ltr'><strong>Μ’·</strong></span> 
     </span>
     <span class='ocr_line' id='line_1_34' title="bbox 150 3281 1193 3367; baseline 0.005 -27"><span class='ocrx_word' id='word_1_281' title='bbox 150 3293 241 3341; x_wconf 87' lang='lat' dir='ltr'><strong>runt:</strong></span> <span class='ocrx_word' id='word_1_282' title='bbox 274 3281 343 3342; x_wconf 89' lang='lat' dir='ltr'><strong>dein</strong></span> <span class='ocrx_word' id='word_1_283' title='bbox 364 3283 475 3364; x_wconf 88' lang='lat' dir='ltr'><strong>plures,</strong></span> <span class='ocrx_word' id='word_1_284' title='bbox 495 3295 652 3364; x_wconf 86' lang='lat' dir='ltr'><strong>postremo</strong></span> <span class='ocrx_word' id='word_1_285' title='bbox 667 3305 763 3366; x_wconf 89' lang='lat' dir='ltr'><strong>prope</strong></span> <span class='ocrx_word' id='word_1_286' title='bbox 785 3305 902 3362; x_wconf 86' lang='lat' dir='ltr'><strong>omnes,</strong></span> <span class='ocrx_word' id='word_1_287' title='bbox 925 3298 958 3346; x_wconf 90' lang='lat' dir='ltr'><strong>et</strong></span> <span class='ocrx_word' id='word_1_288' title='bbox 979 3286 1044 3367; x_wconf 87' lang='lat' dir='ltr'><strong>ipse</strong></span> <span class='ocrx_word' id='word_1_289' title='bbox 1066 3285 1193 3362; x_wconf 83' lang='lat' dir='ltr'><strong>consul3</strong></span> 
     </span>
    </p>

    <p class='ocr_par' dir='ltr' id='par_1_10' title="bbox 151 3366 1193 3452">
     <span class='ocr_line' id='line_1_35' title="bbox 151 3366 1193 3452; baseline 0.007 -27"><span class='ocrx_word' id='word_1_290' title='bbox 151 3385 255 3448; x_wconf 89' lang='lat' dir='ltr'><strong>quum,</strong></span> <span class='ocrx_word' id='word_1_291' title='bbox 278 3366 384 3430; x_wconf 85' lang='lat' dir='ltr'><strong>frustra</strong></span> <span class='ocrx_word' id='word_1_292' title='bbox 407 3389 547 3431; x_wconf 86' lang='lat' dir='ltr'><strong>revocare</strong></span> <span class='ocrx_word' id='word_1_293' title='bbox 569 3367 721 3451; x_wconf 88' lang='lat' dir='ltr'><strong>fugientes</strong></span> <span class='ocrx_word' id='word_1_294' title='bbox 744 3382 883 3447; x_wconf 88' lang='lat' dir='ltr'><strong>conatus,</strong></span> <span class='ocrx_word' id='word_1_295' title='bbox 902 3391 960 3432; x_wconf 89' lang='lat' dir='ltr'><strong>nec</strong></span> <span class='ocrx_word' id='word_1_296' title='bbox 982 3369 1121 3452; x_wconf 87' lang='lat' dir='ltr'><strong>imperio,</strong></span> <span class='ocrx_word' id='word_1_297' title='bbox 1136 3390 1193 3432; x_wconf 88' lang='lat' dir='ltr'><strong>nec</strong></span> 
     </span>
    </p>

    <p class='ocr_par' dir='ltr' id='par_1_11' title="bbox 148 3453 1195 3537">
     <span class='ocr_line' id='line_1_36' title="bbox 148 3453 1195 3537; baseline 0.007 -24"><span class='ocrx_word' id='word_1_298' title='bbox 148 3453 343 3530; x_wconf 86' lang='lat' dir='ltr'><strong>auctoritate,</strong></span> <span class='ocrx_word' id='word_1_299' title='bbox 369 3475 426 3518; x_wconf 89' lang='lat' dir='ltr'><strong>nec</strong></span> <span class='ocrx_word' id='word_1_300' title='bbox 452 3456 592 3537; x_wconf 88' lang='lat' dir='ltr'><strong>precibus</strong></span> <span class='ocrx_word' id='word_1_301' title='bbox 622 3456 662 3517; x_wconf 89' lang='lat' dir='ltr'><strong>ad</strong></span> <span class='ocrx_word' id='word_1_302' title='bbox 688 3467 871 3534; x_wconf 86' lang='lat' dir='ltr'><strong>extremum,</strong></span> <span class='ocrx_word' id='word_1_303' title='bbox 896 3456 1049 3521; x_wconf 85' lang='lat' dir='ltr'><strong>valuisset.</strong></span> <span class='ocrx_word' id='word_1_304' title='bbox 1105 3455 1195 3520; x_wconf 85' lang='lat' dir='ltr'><strong>Unus</strong></span> 
     </span>
    </p>

    <p class='ocr_par' dir='ltr' id='par_1_12' title="bbox 147 3538 1193 3620">
     <span class='ocr_line' id='line_1_37' title="bbox 147 3538 1193 3620; baseline 0.005 -21"><span class='ocrx_word' id='word_1_305' title='bbox 147 3541 295 3601; x_wconf 83' lang='lat' dir='ltr'><strong>remansit</strong></span> <span class='ocrx_word' id='word_1_306' title='bbox 321 3539 369 3602; x_wconf 89' lang='lat' dir='ltr'><strong>M.</strong></span> <span class='ocrx_word' id='word_1_307' title='bbox 392 3538 524 3603; x_wconf 85' lang='lat' dir='ltr'><strong>Licinius</strong></span> <span class='ocrx_word' id='word_1_308' title='bbox 553 3539 676 3620; x_wconf 86' lang='lat' dir='ltr'><strong>Strabo,</strong></span> <span class='ocrx_word' id='word_1_309' title='bbox 704 3543 841 3604; x_wconf 86' lang='lat' dir='ltr'><strong>tribunus</strong></span> <span class='ocrx_word' id='word_1_310' title='bbox 869 3543 1000 3605; x_wconf 91' lang='lat' dir='ltr'><strong>militum</strong></span> <span class='ocrx_word' id='word_1_311' title='bbox 1024 3544 1123 3606; x_wconf 83' lang='lat' dir='ltr'><strong>tertiae</strong></span> <span class='ocrx_word' id='word_1_312' title='bbox 1149 3545 1193 3604; x_wconf 87' lang='lat' dir='ltr'><strong>lc-</strong></span> 
     </span>
    </p>
   </div>
   <div class='ocr_carea' id='block_1_3' title="bbox 147 3625 1194 3710">
    <p class='ocr_par' dir='ltr' id='par_1_13' title="bbox 147 3625 1194 3710">
     <span class='ocr_line' id='line_1_38' title="bbox 147 3625 1194 3710; baseline 0.006 -24"><span class='ocrx_word' id='word_1_313' title='bbox 147 3625 260 3705; x_wconf 86' lang='lat' dir='ltr'><strong>gionis,</strong></span> <span class='ocrx_word' id='word_1_314' title='bbox 273 3631 367 3688; x_wconf 87' lang='lat' dir='ltr'><strong>⁷cum</strong></span> <span class='ocrx_word' id='word_1_315' title='bbox 383 3628 477 3690; x_wconf 89' lang='lat' dir='ltr'><strong>tribus</strong></span> <span class='ocrx_word' id='word_1_316' title='bbox 493 3629 587 3710; x_wconf 88' lang='lat' dir='ltr'><strong>signis</strong></span> <span class='ocrx_word' id='word_1_317' title='bbox 604 3630 643 3690; x_wconf 86' lang='lat' dir='ltr'><strong>ab</strong></span> <span class='ocrx_word' id='word_1_318' title='bbox 658 3629 776 3710; x_wconf 88' lang='lat' dir='ltr'><strong>legione</strong></span> <span class='ocrx_word' id='word_1_319' title='bbox 787 3649 847 3692; x_wconf 86' lang='lat' dir='ltr'><strong>¹sua</strong></span> <span class='ocrx_word' id='word_1_320' title='bbox 861 3629 994 3692; x_wconf 89' lang='lat' dir='ltr'><strong>relictus.</strong></span> <span class='ocrx_word' id='word_1_321' title='bbox 1043 3629 1147 3709; x_wconf 92' lang='lat' dir='ltr'><strong>Hunc,</strong></span> <span class='ocrx_word' id='word_1_322' title='bbox 1162 3631 1194 3692; x_wconf 93' lang='lat' dir='ltr'><strong>in</strong></span> 
     </span>
    </p>
   </div>
   <div class='ocr_carea' id='block_1_4' title="bbox 215 3751 1131 3820">
    <p class='ocr_par' dir='ltr' id='par_1_14' title="bbox 215 3751 1131 3820">
     <span class='ocr_line' id='line_1_39' title="bbox 215 3751 1131 3820; baseline 0.003 -21"><span class='ocrx_word' id='word_1_323' title='bbox 215 3759 226 3784; x_wconf 73' lang='lat'><em>⁰</em></span> <span class='ocrx_word' id='word_1_324' title='bbox 237 3751 352 3800; x_wconf 63' lang='lat' dir='ltr'><strong>&amp;mina</strong></span> <span class='ocrx_word' id='word_1_325' title='bbox 363 3753 437 3802; x_wconf 79' lang='lat' dir='ltr'><strong>Gran.</strong></span> <span class='ocrx_word' id='word_1_326' title='bbox 450 3756 519 3805; x_wconf 76' lang='lat' dir='ltr'><strong>Creu.</strong></span> <span class='ocrx_word' id='word_1_327' title='bbox 590 3755 651 3803; x_wconf 63' lang='lat' dir='ltr'><strong>*aar</strong></span> <span class='ocrx_word' id='word_1_328' title='bbox 662 3756 735 3805; x_wconf 82' lang='lat' dir='ltr'><strong>Gran.</strong></span> <span class='ocrx_word' id='word_1_329' title='bbox 801 3755 896 3820; x_wconf 72' lang='lat' dir='ltr'><strong>‘sorum</strong></span> <span class='ocrx_word' id='word_1_330' title='bbox 907 3755 973 3802; x_wconf 78' lang='lat' dir='ltr'><strong>turba</strong></span> <span class='ocrx_word' id='word_1_331' title='bbox 981 3756 1060 3802; x_wconf 75' lang='lat' dir='ltr'><strong>intrari</strong></span> <span class='ocrx_word' id='word_1_332' title='bbox 1070 3756 1131 3817; x_wconf 85' lang='lat' dir='ltr'><strong>Rup.</strong></span> 
     </span>
    </p>
   </div>
   <div class='ocr_carea' id='block_1_5' title="bbox 144 3849 1203 4571">
    <p class='ocr_par' dir='ltr' id='par_1_15' title="bbox 144 3849 1203 4571">
     <span class='ocr_line' id='line_1_40' title="bbox 176 3849 1196 3919; baseline 0.004 -22"><span class='ocrx_word' id='word_1_333' title='bbox 176 3849 448 3916; x_wconf 70' lang='lat' dir='ltr'><strong>⁴camnupmregan</strong></span> <span class='ocrx_word' id='word_1_334' title='bbox 458 3853 517 3919; x_wconf 80' lang='lat' dir='ltr'><strong>arnt]</strong></span> <span class='ocrx_word' id='word_1_335' title='bbox 539 3855 600 3904; x_wconf 81' lang='lat' dir='ltr'><strong>llaec</strong></span> <span class='ocrx_word' id='word_1_336' title='bbox 612 3871 655 3903; x_wconf 90' lang='lat' dir='ltr'><strong>no·</strong></span> <span class='ocrx_word' id='word_1_337' title='bbox 684 3855 760 3918; x_wconf 77' lang='lat' dir='ltr'><strong>for-run</strong></span> <span class='ocrx_word' id='word_1_338' title='bbox 777 3855 843 3902; x_wconf 82' lang='lat' dir='ltr'><strong>turba</strong></span> <span class='ocrx_word' id='word_1_339' title='bbox 859 3856 938 3902; x_wconf 77' lang='lat' dir='ltr'><strong>brenni</strong></span> <span class='ocrx_word' id='word_1_340' title='bbox 947 3852 1055 3918; x_wconf 73' lang='lat' dir='ltr'><strong>frequens</strong></span> <span class='ocrx_word' id='word_1_341' title='bbox 1073 3854 1131 3902; x_wconf 76' lang='lat' dir='ltr'><strong>ianr</strong></span> <span class='ocrx_word' id='word_1_342' title='bbox 1147 3869 1196 3901; x_wconf 70' lang='grc' dir='ltr'><strong>ωι-</strong></span> 
     </span>
     <span class='ocr_line' id='line_1_41' title="bbox 144 3913 1196 3976; baseline 0.006 -16"><span class='ocrx_word' id='word_1_343' title='bbox 144 3913 369 3976; x_wconf 76' lang='lat' dir='ltr'><strong>bisraspectasunt.</strong></span> <span class='ocrx_word' id='word_1_344' title='bbox 397 3917 655 3969; x_wconf 75' lang='lat' dir='ltr'><strong>Possistamenmcnn-</strong></span> <span class='ocrx_word' id='word_1_345' title='bbox 688 3928 724 3967; x_wconf 84' lang='lat' dir='ltr'><strong>tra</strong></span> <span class='ocrx_word' id='word_1_346' title='bbox 736 3928 828 3967; x_wconf 81' lang='lat' dir='ltr'><strong>etmarr</strong></span> <span class='ocrx_word' id='word_1_347' title='bbox 842 3920 995 3967; x_wconf 69' lang='lat' dir='ltr'><strong>mercantium.</strong></span> <span class='ocrx_word' id='word_1_348' title='bbox 1028 3915 1109 3964; x_wconf 72' lang='lat' dir='ltr'><strong>Forum</strong></span> <span class='ocrx_word' id='word_1_349' title='bbox 1126 3917 1196 3966; x_wconf 74' lang='lat' dir='ltr'><strong>intel·</strong></span> 
     </span>
     <span class='ocr_line' id='line_1_42' title="bbox 148 3973 1197 4048; baseline 0.007 -22"><span class='ocrx_word' id='word_1_350' title='bbox 148 3995 194 4040; x_wconf 84' lang='lat' dir='ltr'><strong>que</strong></span> <span class='ocrx_word' id='word_1_351' title='bbox 211 3981 335 4044; x_wconf 76' lang='lat' dir='ltr'><strong>eprcare:</strong></span> <span class='ocrx_word' id='word_1_352' title='bbox 359 3981 480 4031; x_wconf 83' lang='lat' dir='ltr'><strong>Carmelus</strong></span> <span class='ocrx_word' id='word_1_353' title='bbox 498 3987 589 4047; x_wconf 83' lang='lat' dir='ltr'><strong>quidam</strong></span> <span class='ocrx_word' id='word_1_354' title='bbox 605 3986 656 4034; x_wconf 89' lang='lat' dir='ltr'><strong>loco</strong></span> <span class='ocrx_word' id='word_1_355' title='bbox 687 3983 732 4044; x_wconf 80' lang='lat' dir='ltr'><strong>lige</strong></span> <span class='ocrx_word' id='word_1_356' title='bbox 753 3985 880 4048; x_wconf 82' lang='lat' dir='ltr'><strong>emporium</strong></span> <span class='ocrx_word' id='word_1_357' title='bbox 896 3984 962 4038; x_wconf 85' lang='lat' dir='ltr'><strong>illud,</strong></span> <span class='ocrx_word' id='word_1_358' title='bbox 979 3983 1037 4044; x_wconf 83' lang='lat' dir='ltr'><strong>quod</strong></span> <span class='ocrx_word' id='word_1_359' title='bbox 1060 3983 1122 4030; x_wconf 73' lang='lat' dir='ltr'><strong>brevi</strong></span> <span class='ocrx_word' id='word_1_360' title='bbox 1135 3973 1197 4047; x_wconf 59' lang='lat' dir='ltr'><strong>pst·</strong></span> 
     </span>
     <span class='ocr_line' id='line_1_43' title="bbox 146 4043 1197 4112; baseline 0.006 -22"><span class='ocrx_word' id='word_1_361' title='bbox 146 4043 230 4103; x_wconf 74' lang='lat' dir='ltr'><strong>reguli,</strong></span> <span class='ocrx_word' id='word_1_362' title='bbox 241 4045 278 4107; x_wconf 89' lang='lat' dir='ltr'><strong>qui</strong></span> <span class='ocrx_word' id='word_1_363' title='bbox 290 4045 337 4108; x_wconf 83' lang='lat' dir='ltr'><strong>ipre</strong></span> <span class='ocrx_word' id='word_1_364' title='bbox 347 4062 395 4094; x_wconf 85' lang='lat' dir='ltr'><strong>non</strong></span> <span class='ocrx_word' id='word_1_365' title='bbox 406 4050 527 4108; x_wconf 82' lang='lat' dir='ltr'><strong>aderat,in</strong></span> <span class='ocrx_word' id='word_1_366' title='bbox 540 4051 656 4098; x_wconf 81' lang='lat' dir='ltr'><strong>listasrrir</strong></span> <span class='ocrx_word' id='word_1_367' title='bbox 688 4051 798 4112; x_wconf 79' lang='lat' dir='ltr'><strong>frequens</strong></span> <span class='ocrx_word' id='word_1_368' title='bbox 814 4051 901 4100; x_wconf 80' lang='lat' dir='ltr'><strong>factum</strong></span> <span class='ocrx_word' id='word_1_369' title='bbox 919 4049 990 4097; x_wconf 77' lang='lat' dir='ltr'><strong>fuisse</strong></span> <span class='ocrx_word' id='word_1_370' title='bbox 1006 4047 1063 4095; x_wconf 74' lang='lat' dir='ltr'><strong>atris</strong></span> <span class='ocrx_word' id='word_1_371' title='bbox 1077 4050 1197 4111; x_wconf 69' lang='lat' dir='ltr'><strong>suprala-</strong></span> 
     </span>
     <span class='ocr_line' id='line_1_44' title="bbox 147 4111 745 4178; baseline 0.013 -22"><span class='ocrx_word' id='word_1_372' title='bbox 147 4119 197 4156; x_wconf 81' lang='lat' dir='ltr'><strong>crat</strong></span> <span class='ocrx_word' id='word_1_373' title='bbox 213 4125 265 4158; x_wconf 83' lang='lat' dir='ltr'><strong>rum</strong></span> <span class='ocrx_word' id='word_1_374' title='bbox 282 4112 356 4160; x_wconf 83' lang='lat' dir='ltr'><strong>tribua</strong></span> <span class='ocrx_word' id='word_1_375' title='bbox 371 4111 431 4161; x_wconf 81' lang='lat' dir='ltr'><strong>haud</strong></span> <span class='ocrx_word' id='word_1_376' title='bbox 447 4117 543 4178; x_wconf 82' lang='lat' dir='ltr'><strong>amplius</strong></span> <span class='ocrx_word' id='word_1_377' title='bbox 558 4115 657 4164; x_wconf 86' lang='lat' dir='ltr'><strong>millibus</strong></span> <span class='ocrx_word' id='word_1_378' title='bbox 687 4115 745 4164; x_wconf 85' lang='lat' dir='ltr'><strong>vius.</strong></span> 
     </span>
     <span class='ocr_line' id='line_1_45' title="bbox 147 4175 1198 4243; baseline 0.005 -22"><span class='ocrx_word' id='word_1_379' title='bbox 147 4186 295 4222; x_wconf 69' lang='lat' dir='ltr'><strong>umerorum.</strong></span> <span class='ocrx_word' id='word_1_380' title='bbox 329 4175 400 4224; x_wconf 80' lang='lat' dir='ltr'><strong>Haud</strong></span> <span class='ocrx_word' id='word_1_381' title='bbox 414 4181 509 4238; x_wconf 73' lang='lat' dir='ltr'><strong>anplius</strong></span> <span class='ocrx_word' id='word_1_382' title='bbox 523 4181 568 4242; x_wconf 77' lang='lat' dir='ltr'><strong>legi</strong></span> <span class='ocrx_word' id='word_1_383' title='bbox 582 4180 656 4243; x_wconf 78' lang='lat' dir='ltr'><strong>jussa.</strong></span> <span class='ocrx_word' id='word_1_384' title='bbox 722 4177 867 4230; x_wconf 81' lang='lat' dir='ltr'><strong>⁶Perlucenr</strong></span> <span class='ocrx_word' id='word_1_385' title='bbox 878 4180 931 4239; x_wconf 78' lang='lat' dir='ltr'><strong>jam</strong></span> <span class='ocrx_word' id='word_1_386' title='bbox 946 4179 1041 4240; x_wconf 74' lang='lat' dir='ltr'><strong>abqrrbl,</strong></span> <span class='ocrx_word' id='word_1_387' title='bbox 1058 4180 1144 4226; x_wconf 70' lang='lat' dir='ltr'><strong>ineam</strong></span> <span class='ocrx_word' id='word_1_388' title='bbox 1159 4188 1198 4226; x_wconf 82' lang='lat' dir='ltr'><strong>ra·</strong></span> 
     </span>
     <span class='ocr_line' id='line_1_46' title="bbox 148 4239 1200 4312; baseline 0.003 -25"><span class='ocrx_word' id='word_1_389' title='bbox 148 4252 200 4298; x_wconf 84' lang='lat' dir='ltr'><strong>rum</strong></span> <span class='ocrx_word' id='word_1_390' title='bbox 211 4239 354 4289; x_wconf 76' lang='lat' dir='ltr'><strong>llorebdlus</strong></span> <span class='ocrx_word' id='word_1_391' title='bbox 372 4251 397 4292; x_wconf 85' lang='lat' dir='ltr'><strong>et</strong></span> <span class='ocrx_word' id='word_1_392' title='bbox 416 4243 545 4297; x_wconf 79' lang='lat' dir='ltr'><strong>Gronovius</strong></span> <span class='ocrx_word' id='word_1_393' title='bbox 560 4262 602 4312; x_wconf 86' lang='lat' dir='ltr'><strong>pre</strong></span> <span class='ocrx_word' id='word_1_394' title='bbox 618 4255 657 4294; x_wconf 83' lang='lat' dir='ltr'><strong>ant</strong></span> <span class='ocrx_word' id='word_1_395' title='bbox 689 4261 749 4303; x_wconf 82' lang='lat' dir='ltr'><strong>rnen,</strong></span> <span class='ocrx_word' id='word_1_396' title='bbox 767 4254 793 4292; x_wconf 83' lang='lat' dir='ltr'><strong>nt</strong></span> <span class='ocrx_word' id='word_1_397' title='bbox 809 4245 873 4302; x_wconf 74' lang='lat' dir='ltr'><strong>subt,</strong></span> <span class='ocrx_word' id='word_1_398' title='bbox 887 4244 936 4307; x_wconf 73' lang='lat' dir='ltr'><strong>las]</strong></span> <span class='ocrx_word' id='word_1_399' title='bbox 957 4243 1007 4290; x_wconf 80' lang='lat' dir='ltr'><strong>Lux</strong></span> <span class='ocrx_word' id='word_1_400' title='bbox 1020 4246 1069 4306; x_wconf 78' lang='lat' dir='ltr'><strong>jars</strong></span> <span class='ocrx_word' id='word_1_401' title='bbox 1081 4243 1200 4305; x_wconf 67' lang='lat' dir='ltr'><strong>aliquae:</strong></span> 
     </span>
     <span class='ocr_line' id='line_1_47' title="bbox 146 4306 1202 4374; baseline 0.006 -24"><span class='ocrx_word' id='word_1_402' title='bbox 146 4306 248 4364; x_wconf 77' lang='lat' dir='ltr'><strong>caplim,</strong></span> <span class='ocrx_word' id='word_1_403' title='bbox 691 4325 756 4374; x_wconf 74' lang='lat' dir='ltr'><strong>parra</strong></span> <span class='ocrx_word' id='word_1_404' title='bbox 766 4324 915 4374; x_wconf 77' lang='lat' dir='ltr'><strong>perrumpens</strong></span> <span class='ocrx_word' id='word_1_405' title='bbox 930 4308 1049 4365; x_wconf 61' lang='lat' dir='ltr'><strong>abstenta,</strong></span> <span class='ocrx_word' id='word_1_406' title='bbox 1064 4310 1152 4358; x_wconf 80' lang='lat' dir='ltr'><strong>incerta</strong></span> <span class='ocrx_word' id='word_1_407' title='bbox 1162 4319 1202 4356; x_wconf 81' lang='lat' dir='ltr'><strong>ta·</strong></span> 
     </span>
     <span class='ocr_line' id='line_1_48' title="bbox 178 4367 1202 4442; baseline 0.004 -26"><span class='ocrx_word' id='word_1_408' title='bbox 178 4367 281 4418; x_wconf 61' lang='grc' dir='ltr'><strong>ὁΕιινιιηι</strong></span> <span class='ocrx_word' id='word_1_409' title='bbox 292 4373 358 4422; x_wconf 79' lang='lat' dir='ltr'><strong>turba</strong></span> <span class='ocrx_word' id='word_1_410' title='bbox 368 4375 458 4424; x_wconf 72' lang='lat' dir='ltr'><strong>imanis</strong></span> <span class='ocrx_word' id='word_1_411' title='bbox 458 4373 578 4442; x_wconf 76' lang='lat' dir='ltr'><strong>frequens]</strong></span> <span class='ocrx_word' id='word_1_412' title='bbox 588 4375 659 4438; x_wconf 74' lang='lat' dir='ltr'><strong>ligre·</strong></span> <span class='ocrx_word' id='word_1_413' title='bbox 691 4391 757 4434; x_wconf 78' lang='lat' dir='ltr'><strong>men,</strong></span> <span class='ocrx_word' id='word_1_414' title='bbox 771 4384 800 4423; x_wconf 85' lang='lat' dir='ltr'><strong>ut</strong></span> <span class='ocrx_word' id='word_1_415' title='bbox 816 4373 875 4422; x_wconf 74' lang='lat' dir='ltr'><strong>sora</strong></span> <span class='ocrx_word' id='word_1_416' title='bbox 888 4389 1025 4437; x_wconf 62' lang='lat' dir='ltr'><strong>conquam</strong></span> <span class='ocrx_word' id='word_1_417' title='bbox 1041 4373 1131 4422; x_wconf 76' lang='lat' dir='ltr'><strong>nebulis</strong></span> <span class='ocrx_word' id='word_1_418' title='bbox 1140 4374 1202 4420; x_wconf 84' lang='lat' dir='ltr'><strong>dila-</strong></span> 
     </span>
     <span class='ocr_line' id='line_1_49' title="bbox 148 4433 964 4504; baseline 0.011 -25"><span class='ocrx_word' id='word_1_419' title='bbox 148 4433 581 4504; x_wconf 71' lang='lat' dir='ltr'><strong>gisloatlcabgersorumprecorum.</strong></span> <span class='ocrx_word' id='word_1_420' title='bbox 610 4441 659 4490; x_wconf 88' lang='lat' dir='ltr'><strong>To·</strong></span> <span class='ocrx_word' id='word_1_421' title='bbox 692 4439 866 4490; x_wconf 79' lang='lat' dir='ltr'><strong>bentibuseriri</strong></span> <span class='ocrx_word' id='word_1_422' title='bbox 876 4439 964 4504; x_wconf 84' lang='lat' dir='ltr'><strong>incipit.</strong></span> 
     </span>
     <span class='ocr_line' id='line_1_50' title="bbox 148 4500 1203 4571; baseline 0.005 -21"><span class='ocrx_word' id='word_1_423' title='bbox 148 4507 198 4546; x_wconf 79' lang='lat' dir='ltr'><strong>tam</strong></span> <span class='ocrx_word' id='word_1_424' title='bbox 216 4503 336 4565; x_wconf 79' lang='lat' dir='ltr'><strong>periodum</strong></span> <span class='ocrx_word' id='word_1_425' title='bbox 359 4503 392 4556; x_wconf 86' lang='lat' dir='ltr'><strong>ric</strong></span> <span class='ocrx_word' id='word_1_426' title='bbox 410 4500 495 4556; x_wconf 74' lang='lat' dir='ltr'><strong>former</strong></span> <span class='ocrx_word' id='word_1_427' title='bbox 514 4507 657 4560; x_wconf 79' lang='lat' dir='ltr'><strong>Gronoviusr</strong></span> <span class='ocrx_word' id='word_1_428' title='bbox 726 4505 809 4554; x_wconf 71' lang='lat' dir='ltr'><strong>tcum</strong></span> <span class='ocrx_word' id='word_1_429' title='bbox 820 4502 977 4571; x_wconf 76' lang='lat' dir='ltr'><strong>tribuarlgnr&#39;r]</strong></span> <span class='ocrx_word' id='word_1_430' title='bbox 996 4501 1057 4553; x_wconf 84' lang='lat' dir='ltr'><strong>Cum</strong></span> <span class='ocrx_word' id='word_1_431' title='bbox 1067 4503 1203 4555; x_wconf 63' lang='lat' dir='ltr'><strong>miurus·</strong></span> 
     </span>
    </p>
   </div>
   <div class='ocr_carea' id='block_1_6' title="bbox 757 4593 811 4638">
    <p class='ocr_par' dir='ltr' id='par_1_16' title="bbox 757 4593 811 4638">
     <span class='ocr_line' id='line_1_51' title="bbox 757 4593 811 4638; baseline 0.037 -2"><span class='ocrx_word' id='word_1_432' title='bbox 757 4593 811 4638; x_wconf 71' lang='lat'><strong>‚¹³2</strong></span> 
     </span>
    </p>
   </div>
   <div class='ocr_carea' id='block_1_7' title="bbox 0 0 1608 5225">
    <p class='ocr_par' dir='ltr' id='par_1_17' title="bbox 0 0 1608 5225">
     <span class='ocr_line' id='line_1_52' title="bbox 0 0 1608 5225; baseline 0 0"><span class='ocrx_word' id='word_1_433' title='bbox 0 0 1608 5225; x_wconf 95' lang='lat' dir='ltr'><strong> </strong></span> 
     </span>
    </p>
   </div>
  </div>
 </body>
</html>
