3184 5225
358 365 395 420 52
766 358 849 417 ΤΙΤΙ
870 357 990 418 LIVll'

130 504 134 511 ⁴
191 513 229 629 H:
234 513 269 632 ἓ
275 513 337 630 1δέ
358 534 432 616 uum
458 513 609 596 tripedem
630 523 747 589 natum,
769 524 802 574 et
832 525 950 574 taurum
975 531 1045 572 curu
1067 512 1198 592 quinque
1221 514 1320 574 vaccis
1342 533 1408 576 nno

360 613 425 663 retu
448 600 581 661 fulminis
606 598 807 659 exartimatos.
864 597 989 744 Autqmi
1013 610 1094 660 terra
1108 598 1229 680 pluisse.
1285 598 1406 662 Horum

361 707 480 769 quoque
501 684 708 768 prodigiorum
731 704 838 744 caussa
860 705 906 745 res
948 684 1033 746 ivinae
1053 684 1152 761 factae,
1168 696 1200 746 et
1221 685 1407 769 supplicatio

361 793 454 834 unum
469 772 550 845 diem
565 769 704 850 feriaeqne
719 770 840 832 habitae.

403 855 491 919 ΧΧΙ.
514 854 660 918 Consules
682 855 722 918 ad
744 856 776 918 id
791 868 911 938 tempus
933 856 965 917 in
980 857 1148 940 provincias
1170 879 1232 922 uon
1254 858 1408 935 exierant,

362 944 434 1026 quia
453 963 562 1024 neque,
586 942 628 1002 uti
654 942 692 1004 de
715 941 762 1004 M.
785 941 914 1026 Popillio
937 942 1092 1022 referrent,
1115 946 1231 1006 senatui
1253 945 1407 1023 obseque-

360 1032 482 1108 bantur,
509 1039 551 1106 et,
578 1028 654 1090 nihil
681 1028 763 1090 aliud
793 1029 954 1090 decernere
977 1031 1070 1111 prius,
1094 1041 1241 1092 statutum
1265 1029 1409 1091 Patribus

361 1128 437 1179 erat.
492 1114 595 1177 Aucta
616 1115 710 1178 etiam
735 1116 849 1176 invidia
870 1127 917 1176 est
939 1114 1058 1198 Popillii
1081 1116 1176 1178 literis
1198 1116 1272 1196 ejus,
1293 1115 1405 1196 quibus

195 1229 244 1280 Β,
252 1228 278 1280 1„
288 1227 332 1277 n.
360 1202 471 1265 iterum
500 1221 571 1263 cum
600 1199 820 1263 Statiellatibus
846 1200 1005 1282 Liguribus
1029 1203 1190 1283 proconsul
1215 1206 1241 1248 ⁶⁷
1253 1220 1407 1283 pugnasse

194 1295 259 1355 guia
271 1304 349 1356 gene·
361 1310 395 1350 se
416 1288 547 1371 scripsit,
562 1307 598 1348 ac
620 1308 653 1348 se
675 1288 781 1349 decem
803 1287 899 1349 millia
919 1306 1023 1348 eorum
1039 1287 1196 1350 occidisse.
1211 1298 1336 1372 propter
1349 1307 1406 1348 cn-

359 1374 409 1457 jus
432 1373 572 1455 injuriam
595 1373 666 1435 belli
693 1375 784 1436 ceteri
811 1393 930 1452 quoque
951 1369 1096 1451 Ligurum
1122 1373 1227 1456 populi
1253 1373 1293 1435 ad
1319 1393 1407 1434 mma

362 1461 471 1522 ierunt.
527 1457 608 1521 Turn
630 1481 701 1520 vero
723 1479 784 1519 nou
808 1459 914 1518 absens
935 1458 1029 1520 modo
1044 1456 1199 1539 Popillius,
1221 1460 1271 1541 qui
1294 1459 1407 1520 deditis

363 1558 472 1608 contra
487 1544 538 1627 jus
561 1567 597 1606 ac
619 1545 665 1606 fas
680 1543 792 1604 bellurn
815 1543 976 1621 intulisset,
992 1555 1024 1605 et
1044 1557 1169 1626 pacatos
1192 1546 1231 1607 ad
1246 1545 1407 1607 rebellium

363 1632 531 1707 incitasset,
545 1631 600 1692 sed
622 1629 771 1706 consules,
785 1629 868 1710 quod
883 1649 944 1691 uon
967 1631 1085 1692 exirent
1107 1631 1138 1692 in
1153 1632 1350 1715 provinciam,
1374 1631 1409 1691 iu

363 1728 469 1777 senatu
482 1711 646 1797 increpiti.
673 1715 731 1776 hoc
756 1734 905 1776 consensu
924 1713 1046 1777 Petrum
1071 1719 1190 1778 accensi
1206 1717 1253 1779 ut.
1269 1715 1410 1778 Marcius

364 1800 471 1864 Sermo
492 1813 524 1863 ct
549 1799 588 1870 Q.
608 1799 744 1862 Marcius
767 1799 880 1884 Scylla,
902 1801 1016 1862 tribuni
1044 1803 1151 1884 plebis,
1175 1815 1207 1866 et
1232 1803 1407 1866 consulibus

363 1888 491 1950 multant
517 1907 549 1948 se
572 1887 717 1964 dicturos,
739 1887 796 1948 uisi
828 1887 859 1948 in
881 1887 1068 1969 provinciam
1090 1889 1220 1968 exirent,
1239 1890 1405 1952 denuncia-

249 1981 278 2062 ι·
311 2049 317 2063 ,
364 1987 435 2036 runt
444 1997 454 2052 3
481 1986 514 2037 et
533 1973 733 2054 rogationem,
748 1993 839 2054 quam
858 1972 897 2034 de
912 1971 1071 2053 Liguribus
1087 1975 1198 2038 deditis
1213 1976 1408 2059 promulgare

319 2074 329 2089 ·
363 2061 396 2123 in
412 2061 514 2122 animo
527 2060 682 2136 haberent,
697 2060 728 2120 iu
742 2070 852 2121 senatu
865 2060 1040 2122 recitarunt.
1085 2059 1295 2140 Sanciebatur,
1311 2063 1336 2132 ⁸9
1349 2063 1357 2094 ‘
1370 2073 1407 2124 ut

364 2146 441 2227 ‘qui
456 2167 495 2207 ex
517 2142 666 2208 Statiellis
681 2145 792 2210 deditis
808 2145 840 2206 iu
855 2145 1026 2207 libertatem
1044 2148 1200 2210 restitutus
1215 2152 1241 2190 ⁶⁹
1252 2161 1323 2210 ante
1339 2145 1404 2208 Ka·

364 2234 375 2266 ‘
389 2232 496 2294 leudas
512 2227 641 2292 Sextiles
654 2232 767 2314 primas
786 2252 848 2292 non
863 2243 952 2309 esset,
968 2230 1054 2313 cujus
1070 2233 1140 2296 dolo
1156 2235 1235 2296 malo
1252 2236 1276 2294 is
1294 2236 1324 2295 in
1340 2253 1405 2294 ser·

364 2319 517 2380 ‘vitutem
542 2319 743 2395 veniaeque
761 2314 881 2398 juratus
905 2331 1028 2379 senatus
1059 2319 1246 2399 decerneret,
1265 2320 1316 2401 qni
1336 2340 1405 2381 eam

364 2405 453 2467 ‘rem
474 2416 621 2485 quaereret
641 2402 973 2484 animadverteretque!
1020 2403 1068 2466 Ex
1090 2408 1274 2470 auctoritate
1296 2407 1414 2468 deinde

366 2503 488 2552 senatus
512 2509 580 2550 eam
601 2490 790 2570 rogationem
815 2491 1054 2572 promulgarunt.
1113 2491 1289 2574 Priusquam
1315 2492 1408 2575 proli-

367 2576 551 2641 ciscerentur
580 2575 728 2655 consules,
756 2573 793 2639 C.
818 2575 956 2641 Cicereio
982 2581 1100 2664 praetori
1129 2580 1236 2664 prioris
1267 2580 1337 2643 aurii
1368 2575 1410 2642 ad

366 2666 463 2729 aedem
477 2663 613 2727 Bettonae
625 2678 747 2728 senatus
762 2666 851 2727 datus
866 2679 922 2729 est.
967 2666 1007 2744 ls,
1023 2668 1176 2751 expositis,
1189 2688 1263 2749 quas
1281 2668 1311 2728 in
1328 2664 1407 2727 Cor-

368 2753 432 2815 sica
454 2773 501 2814 res
523 2753 676 2832 gessisset,
696 2754 910 2835 postulatoque
931 2754 1040 2815 frustra
1061 2755 1224 2838 triumpho,
1249 2755 1280 2815 in
1304 2764 1412 2817 moute

368 2839 499 2917 Albano,
515 2839 597 2920 quod
613 2838 679 2920 jam
702 2842 733 2902 in
754 2861 869 2902 morem
884 2852 1018 2917 venerat,
1034 2852 1068 2901 ut
1085 2842 1149 2902 sine
1165 2840 1286 2921 publica
1299 2851 1409 2903 aucto·

369 2927 458 2987 ritate
477 2924 573 3003 fieret,
592 2926 799 3007 triumphavit.
848 2925 1051 3007 Rogationem
1067 2925 1214 2988 Marciam
1234 2928 1272 2987 de
1289 2925 1411 3009 Liguri-

369 3013 425 3073 bus
440 3030 552 3092 magno
574 3030 721 3073 consensu
737 3012 841 3093 plebes
854 3012 941 3073 scivit
959 3010 1118 3093 jussitque.
1139 3034 1177 3075 ex
1196 3033 1232 3073 eo
1246 3014 1409 3095 plebiscito

371 3096 408 3159 C.
423 3096 558 3158 Licinius
573 3110 681 3180 praetor
696 3098 849 3159 consuluit
865 3112 1014 3176 senatum,
1030 3119 1119 3179 quem
1135 3120 1264 3179 quaerere
1280 3109 1336 3161 ea'
1358 3122 1409 3163 ro-

370 3184 494 3266 gatione
508 3183 608 3245 vellet.
652 3183 755 3245 Patres
770 3185 868 3263 ipsum
884 3205 952 3245 eum
968 3204 1097 3267 quaerere
1108 3182 1274 3263 jusserunt.
1359 3228 1362 3237 ψ

416 3266 522 3330 XXll.
547 3266 629 3331 'l'um
663 3269 786 3331 demum
821 3270 959 3330 consules
994 3271 1025 3329 in
1058 3270 1244 3351 prouinciam
1280 3271 1412 3353 profecti

369 3366 451 3432 sunt,
473 3357 500 3400 ⁷⁰
512 3357 737 3436 exercitumque
766 3376 786 3416 a
809 3352 855 3415 ul.
879 3354 1006 3436 Popillio
1031 3368 1185 3437 ceperunt.
1232 3355 1340 3437 Neque
1364 3370 1413 3420 tn-

369 3461 441 3502 men
461 3438 509 3501 M.
525 3438 671 3522 Popillius
691 3440 800 3503 reverti
824 3438 953 3501 Romam
977 3440 1120 3518 audebat,
1143 3462 1182 3502 ne
1204 3462 1341 3503 caussam
1363 3444 1412 3505 di-

372 3536 466 3604 ceret,
494 3525 618 3587 adverso
647 3537 763 3605 senatu,
792 3526 947 3587 infestiore
977 3525 1100 3607 populo,
1130 3526 1211 3609 apud
1240 3540 1413 3611 pretorem,

763 3634 808 3675 'ea
816 3626 833 3674 l.
844 3642 870 3674 es
878 3624 952 3674 Gron.
964 3627 1032 3675 Creu.

376 3746 381 3757 .
404 3708 428 3746 ⁰⁷
440 3708 552 3772 Pugnaces
570 3722 592 3755 ee
611 3711 703 3770 aripert,
721 3723 748 3755 uc
767 3724 788 3757 re
807 3710 878 3756 decan
910 3706 946 3755 bit
962 3708 985 3755 in
1002 3706 1105 3756 formulis
1120 3710 1213 3765 usitato,
1221 3709 1328 3759 orationi·
1342 3724 1420 3759 mem-

372 3774 454 3835 nutu]
481 3774 550 3821 Forte
565 3773 654 3820 ωάκὶιι
669 3774 746 3819 millia.
788 3772 878 3833 Ingrata
910 3774 957 3821 bre.
998 3774 1033 3821 Ut
1049 3772 1137 3835 juratur
1158 3784 1250 3821 renatus
1270 3776 1418 3835 decerneret,

373 3839 437 3887 enim
453 3837 547 3885 turibus
568 3837 649 3884 accidit
669 3836 775 3898 repetitio
792 3838 879 3885 vonrlae
911 3837 950 3900 qni
976 3838 1101 3903 inquireret
1128 3838 1363 3902 enimedrerreretque
1390 3842 1423 3891 ire

374 3919 397 3951 re
418 3900 607 3966 tampropinquis
622 3900 723 3951 inlotis.
765 3902 880 3951 Peretno-
911 3918 974 3959 eum,
983 3902 1048 3966 eujus
1059 3903 1110 3950 dolo
1120 3900 1180 3949 malo
1195 3903 1364 3952 inservirutem
1376 3920 1421 3953 ve-

377 3978 452 4015 rtws.
914 3970 1028 4016 nundttut
1043 3978 1110 4025 esset,
1120 3968 1249 4030 quicunque
1266 3986 1294 4017 ex
1309 3970 1422 4019 Statielli·

411 4030 435 4063 ⁶⁸
449 4026 479 4078 Ut
493 4036 532 4094 qui
548 4048 576 4080 ee
594 4031 715 4080 Statielfis.
728 4066 735 4079 .
746 4039 791 4079 αἱ
812 4034 881 4092 jnra-
914 4047 960 4079 non
975 4034 1095 4081 restitutus
1108 4032 1168 4080 foret
1181 4034 1205 4079 iu
1221 4033 1353 4082 libertatem
1364 4046 1422 4085 ente

378 4105 415 4142 tus
434 4096 532 4158 mnus]
560 4096 745 4145 Gemiaetionetu
764 4096 882 4159 particulae
914 4096 1029 4145 Kalendas
1038 4097 1143 4146 Sextiles.

379 4168 407 4206 ut
424 4159 449 4206 ln
464 4161 577 4221 ejusmodi
586 4160 689 4210 ἱοπιιιιΙίι
704 4164 752 4223 jem
763 4161 883 4223 aliquoties
951 4159 974 4198 ω
991 4160 1185 4209 Aurelianum
1204 4161 1292 4210 surita
1315 4164 1421 4227 primae]

378 4225 546 4280 mamimus,
566 4236 591 4272 et
609 4226 735 4275 martit
755 4226 814 4273 infra
832 4225 883 4272 dili·
914 4226 977 4274 Ante
988 4226 1105 4275 Kalendas
1123 4225 1220 4273 Sextiles
1233 4228 1338 4288 proxime
1350 4242 1421 4276 tecn-

376 4304 437 4349 gens
446 4289 527 4350 lector,
536 4304 600 4351 capp.
609 4292 647 4338 22.
659 4292 698 4339 28.
709 4302 734 4339 et
743 4292 783 4339 3⁰.
801 4290 882 4337 ¹*Sen-
914 4301 984 4338 turm.
1014 4289 1067 4339 Vld.
1078 4300 1127 4338 not.
1140 4292 1179 4339 59.
1191 4293 1217 4337 ad
1229 4290 1245 4336 l.
1258 4304 1334 4341 xxrtr.
1344 4306 1366 4339 e.
1378 4294 1424 4341 32.

381 4367 420 4401 ιιιι
435 4352 504 4417 thos
519 4352 650 4414 rogationis,
666 4357 705 4417 qni
726 4354 792 4419 paulo
809 4356 882 4418 irnpe-
947 4354 971 4391 ⁷⁰
982 4354 1148 4415 &uanumque
1165 4370 1179 4400 a
1197 4354 1233 4401 Μ.
1248 4353 1341 4415 futtuo
1361 4370 1424 4416 cepe·

380 4419 450 4466 ditior
465 4418 536 4467 videri
551 4428 637 4483 potest,
646 4421 778 4482 perspicuus
792 4420 833 4467 fiet
845 4434 884 4467 re·
915 4419 982 4481 runt]
1010 4420 1070 4481 Lege
1086 4434 1139 4467 enm
1151 4418 1266 4466 Gronorio
1283 4427 1425 4483 uoeepamrrt.

382 4486 473 4535 rooenti
494 4484 519 4534 ia
534 4482 647 4542 ordinem,
655 4487 760 4549 trajecta,
777 4499 806 4532 er
821 4498 885 4533 more
917 4483 956 4534 Sic
967 4484 1029 4533 enirn
1041 4484 1100 4534 solet
1109 4484 1171 4547 loqui
1182 4483 1266 4532 Lirim.
