<?xml version="1.0" encoding="UTF-8"?>
<!DOCTYPE html PUBLIC "-//W3C//DTD XHTML 1.0 Transitional//EN"
    "http://www.w3.org/TR/xhtml1/DTD/xhtml1-transitional.dtd">
<html xmlns="http://www.w3.org/1999/xhtml" xml:lang="en" lang="en">
 <head>
  <title>
</title>
<meta http-equiv="Content-Type" content="text/html;charset=utf-8" />
  <meta name='ocr-system' content='tesseract 3.04.00' />
  <meta name='ocr-capabilities' content='ocr_page ocr_carea ocr_par ocr_line ocrx_word'/>
</head>
<body>
  <div class='ocr_page' id='page_1' title='image "./tliviipatavinih02grongoog_0014.png"; bbox 0 0 3184 5225; ppageno 0'>
   <div class='ocr_carea' id='block_1_1' title="bbox 209 529 350 646">
    <p class='ocr_par' dir='ltr' id='par_1_1' title="bbox 209 529 350 646">
     <span class='ocr_line' id='line_1_1' title="bbox 209 529 348 584; baseline 0.029 -5"><span class='ocrx_word' id='word_1_1' title='bbox 209 529 348 584; x_wconf 64' lang='lat' dir='ltr'>Uoc-57⁴·</span> 
     </span>
     <span class='ocr_line' id='line_1_2' title="bbox 209 595 350 646; baseline -0.007 -1"><span class='ocrx_word' id='word_1_2' title='bbox 209 596 247 646; x_wconf 70' lang='lat' dir='ltr'>A.</span> <span class='ocrx_word' id='word_1_3' title='bbox 255 595 285 646; x_wconf 83' lang='lat' dir='ltr'>C.</span> <span class='ocrx_word' id='word_1_4' title='bbox 298 597 350 646; x_wconf 71' lang='lat'>17⁸.</span> 
     </span>
    </p>
   </div>
   <div class='ocr_carea' id='block_1_2' title="bbox 375 371 1009 443">
    <p class='ocr_par' dir='ltr' id='par_1_2' title="bbox 375 371 1009 443">
     <span class='ocr_line' id='line_1_3' title="bbox 375 371 1009 443; baseline 0.005 -4"><span class='ocrx_word' id='word_1_5' title='bbox 375 383 398 439; x_wconf 80' lang='lat' dir='ltr'>o</span> <span class='ocrx_word' id='word_1_6' title='bbox 805 378 890 442; x_wconf 80' lang='lat' dir='ltr'>&#39;rm</span> <span class='ocrx_word' id='word_1_7' title='bbox 909 371 1009 443; x_wconf 72' lang='lat' dir='ltr'>mint</span> 
     </span>
    </p>
   </div>
   <div class='ocr_carea' id='block_1_3' title="bbox 377 534 1428 960">
    <p class='ocr_par' dir='ltr' id='par_1_3' title="bbox 377 534 1428 960">
     <span class='ocr_line' id='line_1_4' title="bbox 377 534 1427 623; baseline 0 -23"><span class='ocrx_word' id='word_1_8' title='bbox 377 534 526 617; x_wconf 74' lang='lat' dir='ltr'>Asprileiae</span> <span class='ocrx_word' id='word_1_9' title='bbox 547 535 651 614; x_wconf 92' lang='lat' dir='ltr'>modo,</span> <span class='ocrx_word' id='word_1_10' title='bbox 678 537 769 598; x_wconf 64' lang='lat' dir='ltr'>l&#39;sed</span> <span class='ocrx_word' id='word_1_11' title='bbox 790 536 897 601; x_wconf 78' lang='lat' dir='ltr'>Romae</span> <span class='ocrx_word' id='word_1_12' title='bbox 920 559 1039 623; x_wconf 89' lang='lat' dir='ltr'>quoque</span> <span class='ocrx_word' id='word_1_13' title='bbox 1063 552 1132 620; x_wconf 90' lang='lat' dir='ltr'>post</span> <span class='ocrx_word' id='word_1_14' title='bbox 1147 557 1261 622; x_wconf 82' lang='lat' dir='ltr'>paucos</span> <span class='ocrx_word' id='word_1_15' title='bbox 1276 535 1352 616; x_wconf 85' lang='lat' dir='ltr'>dies,</span> <span class='ocrx_word' id='word_1_16' title='bbox 1366 539 1427 600; x_wconf 87' lang='lat' dir='ltr'>im-</span> 
     </span>
     <span class='ocr_line' id='line_1_5' title="bbox 379 624 1427 707; baseline 0.002 -23"><span class='ocrx_word' id='word_1_17' title='bbox 379 624 558 707; x_wconf 84' lang='lat' dir='ltr'>pleverunt:</span> <span class='ocrx_word' id='word_1_18' title='bbox 575 643 654 703; x_wconf 90' lang='lat' dir='ltr'>quo,</span> <span class='ocrx_word' id='word_1_19' title='bbox 678 643 742 683; x_wconf 88' lang='lat' dir='ltr'>non</span> <span class='ocrx_word' id='word_1_20' title='bbox 768 635 861 706; x_wconf 87' lang='lat' dir='ltr'>capta</span> <span class='ocrx_word' id='word_1_21' title='bbox 883 637 1004 687; x_wconf 89' lang='lat' dir='ltr'>tantum</span> <span class='ocrx_word' id='word_1_22' title='bbox 1028 639 1127 688; x_wconf 87' lang='lat' dir='ltr'>castra</span> <span class='ocrx_word' id='word_1_23' title='bbox 1149 627 1188 687; x_wconf 86' lang='lat' dir='ltr'>ah</span> <span class='ocrx_word' id='word_1_24' title='bbox 1207 627 1354 702; x_wconf 78' lang='lat' dir='ltr'>hostibus,</span> <span class='ocrx_word' id='word_1_25' title='bbox 1370 645 1427 686; x_wconf 90' lang='lat' dir='ltr'>nec</span> 
     </span>
     <span class='ocr_line' id='line_1_6' title="bbox 380 710 1428 794; baseline 0.003 -26"><span class='ocrx_word' id='word_1_26' title='bbox 380 710 464 792; x_wconf 82' lang='lat' dir='ltr'>fuga,</span> <span class='ocrx_word' id='word_1_27' title='bbox 479 727 545 793; x_wconf 83' lang='lat' dir='ltr'>quae</span> <span class='ocrx_word' id='word_1_28' title='bbox 559 729 630 770; x_wconf 89' lang='lat' dir='ltr'>vera</span> <span class='ocrx_word' id='word_1_29' title='bbox 649 712 782 786; x_wconf 80' lang='lat' dir='ltr'>¹³erant,</span> <span class='ocrx_word' id='word_1_30' title='bbox 802 711 856 772; x_wconf 88' lang='lat' dir='ltr'>sed</span> <span class='ocrx_word' id='word_1_31' title='bbox 872 712 1006 794; x_wconf 80' lang='lat' dir='ltr'>perditas</span> <span class='ocrx_word' id='word_1_32' title='bbox 1025 733 1071 774; x_wconf 87' lang='lat' dir='ltr'>res</span> <span class='ocrx_word' id='word_1_33' title='bbox 1095 712 1288 792; x_wconf 84' lang='lat' dir='ltr'>deletumque</span> <span class='ocrx_word' id='word_1_34' title='bbox 1311 711 1428 774; x_wconf 90' lang='lat' dir='ltr'>exerci-</span> 
     </span>
     <span class='ocr_line' id='line_1_7' title="bbox 381 793 1426 878; baseline -0.001 -19"><span class='ocrx_word' id='word_1_35' title='bbox 381 809 448 859; x_wconf 85' lang='lat' dir='ltr'>tum</span> <span class='ocrx_word' id='word_1_36' title='bbox 462 815 597 872; x_wconf 89' lang='lat' dir='ltr'>omnem,</span> <span class='ocrx_word' id='word_1_37' title='bbox 613 793 748 857; x_wconf 87' lang='lat' dir='ltr'>adlatum</span> <span class='ocrx_word' id='word_1_38' title='bbox 772 807 828 857; x_wconf 87' lang='lat' dir='ltr'>est.</span> <span class='ocrx_word' id='word_1_39' title='bbox 874 795 992 878; x_wconf 88' lang='lat' dir='ltr'>ltaque,</span> <span class='ocrx_word' id='word_1_40' title='bbox 1020 801 1045 837; x_wconf 86' lang='lat'>¹⁴</span> <span class='ocrx_word' id='word_1_41' title='bbox 1058 798 1138 878; x_wconf 91' lang='lat' dir='ltr'>qnod</span> <span class='ocrx_word' id='word_1_42' title='bbox 1163 799 1194 859; x_wconf 92' lang='lat' dir='ltr'>in</span> <span class='ocrx_word' id='word_1_43' title='bbox 1215 797 1347 860; x_wconf 87' lang='lat' dir='ltr'>tumultu</span> <span class='ocrx_word' id='word_1_44' title='bbox 1362 797 1426 858; x_wconf 87' lang='lat' dir='ltr'>fieri</span> 
     </span>
     <span class='ocr_line' id='line_1_8' title="bbox 381 881 1428 960; baseline -0.001 -15"><span class='ocrx_word' id='word_1_45' title='bbox 381 882 470 960; x_wconf 82' lang='lat' dir='ltr'>solet,</span> <span class='ocrx_word' id='word_1_46' title='bbox 486 881 623 943; x_wconf 88' lang='lat' dir='ltr'>delectus</span> <span class='ocrx_word' id='word_1_47' title='bbox 648 893 736 944; x_wconf 86' lang='lat' dir='ltr'>extra</span> <span class='ocrx_word' id='word_1_48' title='bbox 757 881 906 959; x_wconf 82' lang='lat' dir='ltr'>ordinem,</span> <span class='ocrx_word' id='word_1_49' title='bbox 931 903 992 943; x_wconf 90' lang='lat' dir='ltr'>non</span> <span class='ocrx_word' id='word_1_50' title='bbox 1009 884 1039 943; x_wconf 91' lang='lat' dir='ltr'>in</span> <span class='ocrx_word' id='word_1_51' title='bbox 1054 885 1127 944; x_wconf 88' lang='lat' dir='ltr'>urbe</span> <span class='ocrx_word' id='word_1_52' title='bbox 1143 895 1273 960; x_wconf 84' lang='lat' dir='ltr'>tantum,</span> <span class='ocrx_word' id='word_1_53' title='bbox 1290 884 1343 944; x_wconf 88' lang='lat' dir='ltr'>sed</span> <span class='ocrx_word' id='word_1_54' title='bbox 1358 895 1428 947; x_wconf 87' lang='lat' dir='ltr'>tota</span> 
     </span>
    </p>
   </div>
   <div class='ocr_carea' id='block_1_4' title="bbox 330 966 1426 1052">
    <p class='ocr_par' dir='ltr' id='par_1_4' title="bbox 330 966 1426 1052">
     <span class='ocr_line' id='line_1_9' title="bbox 330 966 1426 1052; baseline 0.001 -23"><span class='ocrx_word' id='word_1_55' title='bbox 330 1038 335 1046; x_wconf 16' lang='lat' dir='ltr'>g</span> <span class='ocrx_word' id='word_1_56' title='bbox 383 967 483 1045; x_wconf 79' lang='lat' dir='ltr'>ltalia,</span> <span class='ocrx_word' id='word_1_57' title='bbox 499 966 616 1030; x_wconf 85' lang='lat' dir='ltr'>indicti.</span> <span class='ocrx_word' id='word_1_58' title='bbox 659 966 736 1028; x_wconf 84' lang='lat' dir='ltr'>Duae</span> <span class='ocrx_word' id='word_1_59' title='bbox 751 968 885 1047; x_wconf 81' lang='lat' dir='ltr'>legiones</span> <span class='ocrx_word' id='word_1_60' title='bbox 909 969 1018 1030; x_wconf 85' lang='lat' dir='ltr'>civium</span> <span class='ocrx_word' id='word_1_61' title='bbox 1036 968 1243 1030; x_wconf 82' lang='lat' dir='ltr'>Romanorum</span> <span class='ocrx_word' id='word_1_62' title='bbox 1270 971 1426 1052; x_wconf 89' lang='lat' dir='ltr'>conscrip-</span> 
     </span>
    </p>
   </div>
   <div class='ocr_carea' id='block_1_5' title="bbox 383 1051 1428 1137">
    <p class='ocr_par' dir='ltr' id='par_1_5' title="bbox 383 1051 1428 1137">
     <span class='ocr_line' id='line_1_10' title="bbox 383 1051 1428 1137; baseline 0 -21"><span class='ocrx_word' id='word_1_63' title='bbox 383 1065 432 1131; x_wconf 77' lang='lat' dir='ltr'>tae,</span> <span class='ocrx_word' id='word_1_64' title='bbox 447 1066 480 1115; x_wconf 90' lang='lat' dir='ltr'>et</span> <span class='ocrx_word' id='word_1_65' title='bbox 494 1054 601 1115; x_wconf 88' lang='lat' dir='ltr'>decem</span> <span class='ocrx_word' id='word_1_66' title='bbox 616 1051 713 1114; x_wconf 89' lang='lat' dir='ltr'>millia</span> <span class='ocrx_word' id='word_1_67' title='bbox 726 1054 864 1135; x_wconf 90' lang='lat' dir='ltr'>peditum</span> <span class='ocrx_word' id='word_1_68' title='bbox 880 1073 950 1115; x_wconf 91' lang='lat' dir='ltr'>cnm</span> <span class='ocrx_word' id='word_1_69' title='bbox 966 1056 1117 1136; x_wconf 89' lang='lat' dir='ltr'>equitibus</span> <span class='ocrx_word' id='word_1_70' title='bbox 1142 1057 1313 1137; x_wconf 78' lang='lat' dir='ltr'>quingentis</span> <span class='ocrx_word' id='word_1_71' title='bbox 1338 1056 1428 1118; x_wconf 88' lang='lat' dir='ltr'>sociis</span> 
     </span>
    </p>
   </div>
   <div class='ocr_carea' id='block_1_6' title="bbox 319 1137 1429 1221">
    <p class='ocr_par' dir='ltr' id='par_1_6' title="bbox 319 1137 1429 1221">
     <span class='ocr_line' id='line_1_11' title="bbox 319 1137 1429 1221; baseline -0.002 -17"><span class='ocrx_word' id='word_1_72' title='bbox 319 1199 322 1204; x_wconf 91' lang='lat'>.</span> <span class='ocrx_word' id='word_1_73' title='bbox 382 1141 514 1200; x_wconf 89' lang='lat' dir='ltr'>nominis</span> <span class='ocrx_word' id='word_1_74' title='bbox 551 1137 653 1199; x_wconf 84' lang='lat' dir='ltr'>Latini</span> <span class='ocrx_word' id='word_1_75' title='bbox 690 1140 849 1221; x_wconf 85' lang='lat' dir='ltr'>imperata.</span> <span class='ocrx_word' id='word_1_76' title='bbox 908 1139 954 1202; x_wconf 92' lang='lat' dir='ltr'>M.</span> <span class='ocrx_word' id='word_1_77' title='bbox 984 1141 1093 1203; x_wconf 83' lang='lat' dir='ltr'>lunius</span> <span class='ocrx_word' id='word_1_78' title='bbox 1120 1142 1225 1204; x_wconf 87' lang='lat' dir='ltr'>consul</span> <span class='ocrx_word' id='word_1_79' title='bbox 1249 1144 1375 1204; x_wconf 84' lang='lat' dir='ltr'>transire</span> <span class='ocrx_word' id='word_1_80' title='bbox 1397 1144 1429 1204; x_wconf 94' lang='lat' dir='ltr'>in</span> 
     </span>
    </p>
   </div>
   <div class='ocr_carea' id='block_1_7' title="bbox 380 1224 1434 3555">
    <p class='ocr_par' dir='ltr' id='par_1_7' title="bbox 382 1224 1434 3205">
     <span class='ocr_line' id='line_1_12' title="bbox 383 1224 1429 1310; baseline 0.001 -23"><span class='ocrx_word' id='word_1_81' title='bbox 383 1224 514 1287; x_wconf 88' lang='lat' dir='ltr'>Galliam</span> <span class='ocrx_word' id='word_1_82' title='bbox 538 1237 571 1286; x_wconf 86' lang='lat' dir='ltr'>et</span> <span class='ocrx_word' id='word_1_83' title='bbox 591 1225 630 1285; x_wconf 93' lang='lat' dir='ltr'>ah</span> <span class='ocrx_word' id='word_1_84' title='bbox 649 1224 822 1288; x_wconf 84' lang='lat' dir='ltr'>civitatibus</span> <span class='ocrx_word' id='word_1_85' title='bbox 845 1227 1006 1308; x_wconf 73' lang='lat' dir='ltr'>provincia</span> <span class='ocrx_word' id='word_1_86' title='bbox 1032 1226 1113 1309; x_wconf 80' lang='lat' dir='ltr'>ejus,</span> <span class='ocrx_word' id='word_1_87' title='bbox 1133 1241 1279 1310; x_wconf 87' lang='lat' dir='ltr'>quantum</span> <span class='ocrx_word' id='word_1_88' title='bbox 1303 1247 1429 1310; x_wconf 73' lang='lat' dir='ltr'>quaeque</span> 
     </span>
     <span class='ocr_line' id='line_1_13' title="bbox 382 1311 1430 1394; baseline 0.002 -22"><span class='ocrx_word' id='word_1_89' title='bbox 382 1323 498 1393; x_wconf 83' lang='lat' dir='ltr'>posset,</span> <span class='ocrx_word' id='word_1_90' title='bbox 520 1311 651 1372; x_wconf 92' lang='lat' dir='ltr'>militum</span> <span class='ocrx_word' id='word_1_91' title='bbox 674 1311 795 1394; x_wconf 83' lang='lat' dir='ltr'>exigere</span> <span class='ocrx_word' id='word_1_92' title='bbox 814 1311 924 1394; x_wconf 86' lang='lat' dir='ltr'>jussus.</span> <span class='ocrx_word' id='word_1_93' title='bbox 969 1312 1065 1375; x_wconf 90' lang='lat' dir='ltr'>Simul</span> <span class='ocrx_word' id='word_1_94' title='bbox 1091 1315 1259 1392; x_wconf 90' lang='lat' dir='ltr'>decretum,</span> <span class='ocrx_word' id='word_1_95' title='bbox 1283 1326 1317 1376; x_wconf 94' lang='lat' dir='ltr'>ut</span> <span class='ocrx_word' id='word_1_96' title='bbox 1341 1313 1430 1375; x_wconf 74' lang='grc' dir='ltr'>15Τί.</span> 
     </span>
     <span class='ocr_line' id='line_1_14' title="bbox 382 1393 1430 1482; baseline 0.003 -24"><span class='ocrx_word' id='word_1_97' title='bbox 382 1396 531 1458; x_wconf 83' lang='lat' dir='ltr'>Claudius</span> <span class='ocrx_word' id='word_1_98' title='bbox 544 1409 654 1480; x_wconf 80' lang='lat' dir='ltr'>praetor</span> <span class='ocrx_word' id='word_1_99' title='bbox 670 1393 815 1461; x_wconf 87' lang='lat' dir='ltr'>militibus</span> <span class='ocrx_word' id='word_1_100' title='bbox 831 1399 960 1482; x_wconf 82' lang='lat' dir='ltr'>legionis</span> <span class='ocrx_word' id='word_1_101' title='bbox 983 1413 1106 1481; x_wconf 84' lang='lat' dir='ltr'>quurtae,</span> <span class='ocrx_word' id='word_1_102' title='bbox 1132 1413 1163 1462; x_wconf 92' lang='lat' dir='ltr'>et</span> <span class='ocrx_word' id='word_1_103' title='bbox 1186 1403 1303 1463; x_wconf 85' lang='lat' dir='ltr'>socillm</span> <span class='ocrx_word' id='word_1_104' title='bbox 1328 1399 1430 1462; x_wconf 82' lang='lat' dir='ltr'>Latini</span> 
     </span>
     <span class='ocr_line' id='line_1_15' title="bbox 383 1483 1429 1569; baseline 0.005 -26"><span class='ocrx_word' id='word_1_105' title='bbox 383 1483 517 1544; x_wconf 88' lang='lat' dir='ltr'>nominis</span> <span class='ocrx_word' id='word_1_106' title='bbox 543 1484 675 1565; x_wconf 85' lang='lat' dir='ltr'>quinque</span> <span class='ocrx_word' id='word_1_107' title='bbox 697 1485 842 1561; x_wconf 90' lang='lat' dir='ltr'>millibus,</span> <span class='ocrx_word' id='word_1_108' title='bbox 869 1485 1020 1568; x_wconf 89' lang='lat' dir='ltr'>equitibus</span> <span class='ocrx_word' id='word_1_109' title='bbox 1043 1487 1181 1549; x_wconf 87' lang='lat' dir='ltr'>ducentis</span> <span class='ocrx_word' id='word_1_110' title='bbox 1197 1488 1429 1569; x_wconf 82' lang='lat' dir='ltr'>quinquaginta,</span> 
     </span>
     <span class='ocr_line' id='line_1_16' title="bbox 384 1567 1429 1656; baseline 0.003 -25"><span class='ocrx_word' id='word_1_111' title='bbox 384 1567 469 1631; x_wconf 83' lang='lat' dir='ltr'>Pisas</span> <span class='ocrx_word' id='word_1_112' title='bbox 497 1585 534 1631; x_wconf 90' lang='lat' dir='ltr'>ut</span> <span class='ocrx_word' id='word_1_113' title='bbox 563 1571 769 1648; x_wconf 87' lang='lat' dir='ltr'>convenirent,</span> <span class='ocrx_word' id='word_1_114' title='bbox 792 1573 942 1651; x_wconf 83' lang='lat' dir='ltr'>ediceret3</span> <span class='ocrx_word' id='word_1_115' title='bbox 974 1593 1101 1653; x_wconf 89' lang='lat' dir='ltr'>eamque</span> <span class='ocrx_word' id='word_1_116' title='bbox 1131 1574 1328 1656; x_wconf 88' lang='lat' dir='ltr'>provinciam,</span> <span class='ocrx_word' id='word_1_117' title='bbox 1355 1574 1429 1634; x_wconf 89' lang='lat' dir='ltr'>dum</span> 
     </span>
     <span class='ocr_line' id='line_1_17' title="bbox 383 1655 1429 1743; baseline 0.003 -26"><span class='ocrx_word' id='word_1_118' title='bbox 383 1656 490 1718; x_wconf 85' lang='lat' dir='ltr'>consul</span> <span class='ocrx_word' id='word_1_119' title='bbox 505 1656 576 1718; x_wconf 92' lang='lat' dir='ltr'>inde</span> <span class='ocrx_word' id='word_1_120' title='bbox 595 1658 725 1734; x_wconf 85' lang='lat' dir='ltr'>abesset,</span> <span class='ocrx_word' id='word_1_121' title='bbox 748 1668 917 1721; x_wconf 87' lang='lat' dir='ltr'>tutaretur:</span> <span class='ocrx_word' id='word_1_122' title='bbox 942 1657 987 1720; x_wconf 93' lang='lat' dir='ltr'>M.</span> <span class='ocrx_word' id='word_1_123' title='bbox 1004 1655 1137 1721; x_wconf 86' lang='lat' dir='ltr'>Titinius</span> <span class='ocrx_word' id='word_1_124' title='bbox 1152 1674 1263 1743; x_wconf 81' lang='lat' dir='ltr'>praetor</span> <span class='ocrx_word' id='word_1_125' title='bbox 1277 1661 1429 1741; x_wconf 82' lang='lat' dir='ltr'>legionem</span> 
     </span>
     <span class='ocr_line' id='line_1_18' title="bbox 384 1743 1430 1828; baseline 0.002 -24"><span class='ocrx_word' id='word_1_126' title='bbox 384 1743 526 1826; x_wconf 88' lang='lat' dir='ltr'>primam,</span> <span class='ocrx_word' id='word_1_127' title='bbox 551 1764 655 1825; x_wconf 89' lang='lat' dir='ltr'>parem</span> <span class='ocrx_word' id='word_1_128' title='bbox 685 1764 843 1806; x_wconf 86' lang='lat' dir='ltr'>numerum</span> <span class='ocrx_word' id='word_1_129' title='bbox 859 1797 861 1802; x_wconf 95' lang='lat'>.</span> <span class='ocrx_word' id='word_1_130' title='bbox 877 1746 1029 1807; x_wconf 87' lang='lat' dir='ltr'>sociorum</span> <span class='ocrx_word' id='word_1_131' title='bbox 1060 1747 1197 1828; x_wconf 89' lang='lat' dir='ltr'>peditum</span> <span class='ocrx_word' id='word_1_132' title='bbox 1224 1748 1430 1828; x_wconf 87' lang='lat' dir='ltr'>equitumque,</span> 
     </span>
     <span class='ocr_line' id='line_1_19' title="bbox 383 1828 1430 1913; baseline 0.005 -25"><span class='ocrx_word' id='word_1_133' title='bbox 383 1828 555 1889; x_wconf 75' lang='lat' dir='ltr'>Ariminum</span> <span class='ocrx_word' id='word_1_134' title='bbox 571 1831 731 1891; x_wconf 83' lang='lat' dir='ltr'>convenire</span> <span class='ocrx_word' id='word_1_135' title='bbox 740 1828 873 1910; x_wconf 87' lang='lat' dir='ltr'>juberet.</span> <span class='ocrx_word' id='word_1_136' title='bbox 917 1830 1000 1893; x_wconf 90' lang='lat' dir='ltr'>Nero</span> <span class='ocrx_word' id='word_1_137' title='bbox 1016 1832 1177 1912; x_wconf 87' lang='lat' dir='ltr'>paludatus</span> <span class='ocrx_word' id='word_1_138' title='bbox 1200 1831 1282 1893; x_wconf 85' lang='lat' dir='ltr'>Pisas</span> <span class='ocrx_word' id='word_1_139' title='bbox 1304 1833 1335 1893; x_wconf 93' lang='lat' dir='ltr'>in</span> <span class='ocrx_word' id='word_1_140' title='bbox 1358 1853 1430 1913; x_wconf 91' lang='lat' dir='ltr'>pro-</span> 
     </span>
     <span class='ocr_line' id='line_1_20' title="bbox 382 1914 1430 1996; baseline 0.003 -21"><span class='ocrx_word' id='word_1_141' title='bbox 382 1915 513 1976; x_wconf 82' lang='lat' dir='ltr'>vinciam</span> <span class='ocrx_word' id='word_1_142' title='bbox 525 1927 576 1976; x_wconf 90' lang='lat' dir='ltr'>est</span> <span class='ocrx_word' id='word_1_143' title='bbox 588 1914 753 1996; x_wconf 86' lang='lat' dir='ltr'>profectus.</span> <span class='ocrx_word' id='word_1_144' title='bbox 796 1916 939 1996; x_wconf 74' lang='lat' dir='ltr'>Titinius,</span> <span class='ocrx_word' id='word_1_145' title='bbox 960 1917 996 1979; x_wconf 88' lang='lat' dir='ltr'>C.</span> <span class='ocrx_word' id='word_1_146' title='bbox 1018 1917 1123 1980; x_wconf 88' lang='lat' dir='ltr'>Cassio</span> <span class='ocrx_word' id='word_1_147' title='bbox 1150 1921 1272 1981; x_wconf 85' lang='lat' dir='ltr'>tribuno</span> <span class='ocrx_word' id='word_1_148' title='bbox 1298 1919 1430 1979; x_wconf 91' lang='lat' dir='ltr'>militurn</span> 
     </span>
     <span class='ocr_line' id='line_1_21' title="bbox 383 2000 1429 2085; baseline 0.005 -24"><span class='ocrx_word' id='word_1_149' title='bbox 383 2000 567 2077; x_wconf 84' lang='lat' dir='ltr'>Ariminum,</span> <span class='ocrx_word' id='word_1_150' title='bbox 591 2002 649 2082; x_wconf 66' lang='lat' dir='ltr'>,qui</span> <span class='ocrx_word' id='word_1_151' title='bbox 682 2015 825 2085; x_wconf 77' lang='lat' dir='ltr'>praesset</span> <span class='ocrx_word' id='word_1_152' title='bbox 856 2003 979 2085; x_wconf 86' lang='lat' dir='ltr'>legioni,</span> <span class='ocrx_word' id='word_1_153' title='bbox 1013 2006 1115 2082; x_wconf 89' lang='lat' dir='ltr'>misso,</span> <span class='ocrx_word' id='word_1_154' title='bbox 1139 2005 1290 2067; x_wconf 90' lang='lat' dir='ltr'>delectum</span> <span class='ocrx_word' id='word_1_155' title='bbox 1321 2005 1429 2066; x_wconf 73' lang='lat' dir='ltr'>Roma</span> 
     </span>
     <span class='ocr_line' id='line_1_22' title="bbox 383 2086 1428 2174; baseline 0.003 -26"><span class='ocrx_word' id='word_1_156' title='bbox 383 2088 502 2149; x_wconf 85' lang='lat' dir='ltr'>habuit.</span> <span class='ocrx_word' id='word_1_157' title='bbox 554 2086 602 2149; x_wconf 89' lang='lat' dir='ltr'>M.</span> <span class='ocrx_word' id='word_1_158' title='bbox 629 2086 740 2150; x_wconf 79' lang='lat' dir='ltr'>lunius</span> <span class='ocrx_word' id='word_1_159' title='bbox 768 2091 884 2166; x_wconf 92' lang='lat' dir='ltr'>consul,</span> <span class='ocrx_word' id='word_1_160' title='bbox 914 2111 953 2152; x_wconf 84' lang='lat' dir='ltr'>ex</span> <span class='ocrx_word' id='word_1_161' title='bbox 988 2089 1147 2172; x_wconf 87' lang='lat' dir='ltr'>Liguribus</span> <span class='ocrx_word' id='word_1_162' title='bbox 1178 2092 1208 2152; x_wconf 93' lang='lat' dir='ltr'>in</span> <span class='ocrx_word' id='word_1_163' title='bbox 1239 2091 1428 2174; x_wconf 88' lang='lat' dir='ltr'>provinciam</span> 
     </span>
     <span class='ocr_line' id='line_1_23' title="bbox 383 2171 1430 2260; baseline 0.003 -26"><span class='ocrx_word' id='word_1_164' title='bbox 383 2171 516 2235; x_wconf 86' lang='lat' dir='ltr'>Galliam</span> <span class='ocrx_word' id='word_1_165' title='bbox 539 2185 755 2255; x_wconf 84' lang='lat' dir='ltr'>transgressus,</span> <span class='ocrx_word' id='word_1_166' title='bbox 778 2176 898 2237; x_wconf 80' lang='lat' dir='ltr'>auxiliis</span> <span class='ocrx_word' id='word_1_167' title='bbox 921 2178 1058 2259; x_wconf 89' lang='lat' dir='ltr'>protinus</span> <span class='ocrx_word' id='word_1_168' title='bbox 1082 2199 1135 2260; x_wconf 93' lang='lat' dir='ltr'>per</span> <span class='ocrx_word' id='word_1_169' title='bbox 1161 2179 1299 2241; x_wconf 87' lang='lat' dir='ltr'>civitates</span> <span class='ocrx_word' id='word_1_170' title='bbox 1322 2176 1430 2238; x_wconf 87' lang='lat' dir='ltr'>Galliae</span> 
     </span>
     <span class='ocr_line' id='line_1_24' title="bbox 383 2259 1428 2348; baseline 0.003 -28"><span class='ocrx_word' id='word_1_171' title='bbox 383 2263 411 2300; x_wconf 76' lang='lat'>¹⁶</span> <span class='ocrx_word' id='word_1_172' title='bbox 424 2259 630 2341; x_wconf 89' lang='lat' dir='ltr'>militibusque</span> <span class='ocrx_word' id='word_1_173' title='bbox 656 2261 773 2322; x_wconf 86' lang='lat' dir='ltr'>colonis</span> <span class='ocrx_word' id='word_1_174' title='bbox 797 2262 965 2343; x_wconf 89' lang='lat' dir='ltr'>imperatis,</span> <span class='ocrx_word' id='word_1_175' title='bbox 994 2264 1165 2345; x_wconf 76' lang='lat' dir='ltr'>Aquileiam</span> <span class='ocrx_word' id='word_1_176' title='bbox 1190 2265 1336 2348; x_wconf 90' lang='lat' dir='ltr'>pervenit.</span> <span class='ocrx_word' id='word_1_177' title='bbox 1381 2263 1428 2324; x_wconf 93' lang='lat' dir='ltr'>lhi</span> 
     </span>
     <span class='ocr_line' id='line_1_25' title="bbox 382 2345 1429 2433; baseline 0.004 -27"><span class='ocrx_word' id='word_1_178' title='bbox 382 2347 495 2408; x_wconf 78' lang='lat' dir='ltr'>certior</span> <span class='ocrx_word' id='word_1_179' title='bbox 516 2345 625 2423; x_wconf 78' lang='lat' dir='ltr'>sactus,</span> <span class='ocrx_word' id='word_1_180' title='bbox 659 2347 828 2409; x_wconf 85' lang='lat' dir='ltr'>exercitum</span> <span class='ocrx_word' id='word_1_181' title='bbox 862 2349 1045 2410; x_wconf 89' lang='lat' dir='ltr'>incolumem</span> <span class='ocrx_word' id='word_1_182' title='bbox 1078 2371 1153 2428; x_wconf 90' lang='lat' dir='ltr'>esse,</span> <span class='ocrx_word' id='word_1_183' title='bbox 1184 2352 1304 2433; x_wconf 84' lang='lat' dir='ltr'>scriptis</span> <span class='ocrx_word' id='word_1_184' title='bbox 1332 2351 1429 2411; x_wconf 88' lang='lat' dir='ltr'>literis</span> 
     </span>
     <span class='ocr_line' id='line_1_26' title="bbox 382 2430 1430 2518; baseline 0.005 -26"><span class='ocrx_word' id='word_1_185' title='bbox 382 2430 527 2509; x_wconf 80' lang='lat' dir='ltr'>Romam,</span> <span class='ocrx_word' id='word_1_186' title='bbox 556 2453 596 2492; x_wconf 85' lang='lat' dir='ltr'>ne</span> <span class='ocrx_word' id='word_1_187' title='bbox 628 2433 894 2511; x_wconf 75' lang='lat' dir='ltr'>tumultuarentur,</span> <span class='ocrx_word' id='word_1_188' title='bbox 924 2435 1000 2516; x_wconf 88' lang='lat' dir='ltr'>ipse,</span> <span class='ocrx_word' id='word_1_189' title='bbox 1034 2437 1166 2498; x_wconf 88' lang='lat' dir='ltr'>remissis</span> <span class='ocrx_word' id='word_1_190' title='bbox 1198 2437 1328 2513; x_wconf 76' lang='lat' dir='ltr'>auxiliis,</span> <span class='ocrx_word' id='word_1_191' title='bbox 1364 2455 1430 2518; x_wconf 87' lang='lat' dir='ltr'>quae</span> 
     </span>
     <span class='ocr_line' id='line_1_27' title="bbox 383 2515 1433 2604; baseline 0.004 -26"><span class='ocrx_word' id='word_1_192' title='bbox 383 2515 480 2578; x_wconf 85' lang='lat' dir='ltr'>Gallis</span> <span class='ocrx_word' id='word_1_193' title='bbox 516 2519 732 2600; x_wconf 84' lang='lat' dir='ltr'>imperaverat,</span> <span class='ocrx_word' id='word_1_194' title='bbox 769 2519 809 2578; x_wconf 90' lang='lat' dir='ltr'>ad</span> <span class='ocrx_word' id='word_1_195' title='bbox 845 2520 994 2600; x_wconf 83' lang='lat' dir='ltr'>collegam</span> <span class='ocrx_word' id='word_1_196' title='bbox 1032 2533 1078 2582; x_wconf 88' lang='lat' dir='ltr'>est</span> <span class='ocrx_word' id='word_1_197' title='bbox 1108 2522 1273 2604; x_wconf 82' lang='lat' dir='ltr'>profectus.</span> <span class='ocrx_word' id='word_1_198' title='bbox 1325 2521 1433 2583; x_wconf 70' lang='lat' dir='ltr'>Rornae</span> 
     </span>
     <span class='ocr_line' id='line_1_28' title="bbox 383 2605 1430 2686; baseline 0.005 -22"><span class='ocrx_word' id='word_1_199' title='bbox 383 2624 499 2685; x_wconf 86' lang='lat' dir='ltr'>magna</span> <span class='ocrx_word' id='word_1_200' title='bbox 520 2626 559 2665; x_wconf 90' lang='lat' dir='ltr'>ex</span> <span class='ocrx_word' id='word_1_201' title='bbox 581 2605 765 2686; x_wconf 75' lang='lat' dir='ltr'>necopinato</span> <span class='ocrx_word' id='word_1_202' title='bbox 787 2605 894 2667; x_wconf 73' lang='lat' dir='ltr'>laetitia</span> <span class='ocrx_word' id='word_1_203' title='bbox 923 2605 1000 2668; x_wconf 82' lang='lat' dir='ltr'>luit:</span> <span class='ocrx_word' id='word_1_204' title='bbox 1039 2608 1175 2671; x_wconf 87' lang='lat' dir='ltr'>delectus</span> <span class='ocrx_word' id='word_1_205' title='bbox 1205 2610 1333 2671; x_wconf 87' lang='lat' dir='ltr'>omissus</span> <span class='ocrx_word' id='word_1_206' title='bbox 1363 2620 1430 2670; x_wconf 88' lang='lat' dir='ltr'>est:</span> 
     </span>
     <span class='ocr_line' id='line_1_29' title="bbox 383 2690 1433 2775; baseline 0.004 -24"><span class='ocrx_word' id='word_1_207' title='bbox 383 2691 587 2767; x_wconf 85' lang='lat' dir='ltr'>exauctorati,</span> <span class='ocrx_word' id='word_1_208' title='bbox 616 2690 668 2771; x_wconf 90' lang='lat' dir='ltr'>qni</span> <span class='ocrx_word' id='word_1_209' title='bbox 697 2696 889 2753; x_wconf 78' lang='lat' dir='ltr'>sacramento</span> <span class='ocrx_word' id='word_1_210' title='bbox 924 2692 1084 2755; x_wconf 88' lang='lat' dir='ltr'>dixerant:</span> <span class='ocrx_word' id='word_1_211' title='bbox 1122 2706 1154 2757; x_wconf 92' lang='lat' dir='ltr'>et</span> <span class='ocrx_word' id='word_1_212' title='bbox 1183 2696 1343 2774; x_wconf 85' lang='lat' dir='ltr'>exercitus,</span> <span class='ocrx_word' id='word_1_213' title='bbox 1380 2694 1433 2775; x_wconf 91' lang='lat' dir='ltr'>qui</span> 
     </span>
     <span class='ocr_line' id='line_1_30' title="bbox 383 2776 1434 2859; baseline 0.005 -21"><span class='ocrx_word' id='word_1_214' title='bbox 383 2776 516 2838; x_wconf 82' lang='lat' dir='ltr'>Arimini</span> <span class='ocrx_word' id='word_1_215' title='bbox 539 2777 713 2859; x_wconf 86' lang='lat' dir='ltr'>pestilentia</span> <span class='ocrx_word' id='word_1_216' title='bbox 739 2777 878 2839; x_wconf 87' lang='lat' dir='ltr'>adfectus</span> <span class='ocrx_word' id='word_1_217' title='bbox 904 2790 980 2858; x_wconf 91' lang='lat' dir='ltr'>erat,</span> <span class='ocrx_word' id='word_1_218' title='bbox 1006 2781 1131 2843; x_wconf 93' lang='lat' dir='ltr'>domum</span> <span class='ocrx_word' id='word_1_219' title='bbox 1157 2782 1307 2843; x_wconf 88' lang='lat' dir='ltr'>dimissus.</span> <span class='ocrx_word' id='word_1_220' title='bbox 1351 2779 1434 2859; x_wconf 90' lang='lat' dir='ltr'>lstri,</span> 
     </span>
     <span class='ocr_line' id='line_1_31' title="bbox 385 2863 1433 2947; baseline 0.005 -24"><span class='ocrx_word' id='word_1_221' title='bbox 385 2864 504 2945; x_wconf 87' lang='lat' dir='ltr'>magnis</span> <span class='ocrx_word' id='word_1_222' title='bbox 520 2863 615 2944; x_wconf 88' lang='lat' dir='ltr'>copiis</span> <span class='ocrx_word' id='word_1_223' title='bbox 630 2883 722 2945; x_wconf 91' lang='lat' dir='ltr'>quum</span> <span class='ocrx_word' id='word_1_224' title='bbox 738 2876 839 2925; x_wconf 84' lang='lat' dir='ltr'>castra</span> <span class='ocrx_word' id='word_1_225' title='bbox 864 2864 946 2926; x_wconf 88' lang='lat' dir='ltr'>haud</span> <span class='ocrx_word' id='word_1_226' title='bbox 969 2868 1073 2947; x_wconf 89' lang='lat' dir='ltr'>procul</span> <span class='ocrx_word' id='word_1_227' title='bbox 1097 2870 1228 2929; x_wconf 88' lang='lat' dir='ltr'>consulis</span> <span class='ocrx_word' id='word_1_228' title='bbox 1251 2868 1360 2929; x_wconf 87' lang='lat' dir='ltr'>eastris</span> <span class='ocrx_word' id='word_1_229' title='bbox 1375 2868 1433 2928; x_wconf 83' lang='lat' dir='ltr'>hs-</span> 
     </span>
     <span class='ocr_line' id='line_1_32' title="bbox 384 2950 1432 3031; baseline 0.005 -21"><span class='ocrx_word' id='word_1_230' title='bbox 384 2950 504 3027; x_wconf 89' lang='lat' dir='ltr'>berent,</span> <span class='ocrx_word' id='word_1_231' title='bbox 520 2963 682 3031; x_wconf 87' lang='lat' dir='ltr'>postquam</span> <span class='ocrx_word' id='word_1_232' title='bbox 699 2951 826 3011; x_wconf 83' lang='lat' dir='ltr'>alterum</span> <span class='ocrx_word' id='word_1_233' title='bbox 842 2952 998 3013; x_wconf 88' lang='lat' dir='ltr'>consulem</span> <span class='ocrx_word' id='word_1_234' title='bbox 1020 2974 1089 3014; x_wconf 91' lang='lat' dir='ltr'>cum</span> <span class='ocrx_word' id='word_1_235' title='bbox 1111 2956 1243 3016; x_wconf 89' lang='lat' dir='ltr'>exercitu</span> <span class='ocrx_word' id='word_1_236' title='bbox 1268 2976 1347 3016; x_wconf 84' lang='lat' dir='ltr'>novo</span> <span class='ocrx_word' id='word_1_237' title='bbox 1373 2954 1432 3015; x_wconf 86' lang='lat' dir='ltr'>ad-</span> 
     </span>
     <span class='ocr_line' id='line_1_33' title="bbox 385 3036 1432 3122; baseline 0.004 -26"><span class='ocrx_word' id='word_1_238' title='bbox 385 3037 503 3097; x_wconf 86' lang='lat' dir='ltr'>venisse</span> <span class='ocrx_word' id='word_1_239' title='bbox 520 3036 689 3113; x_wconf 87' lang='lat' dir='ltr'>audierunt,</span> <span class='ocrx_word' id='word_1_240' title='bbox 713 3037 827 3118; x_wconf 88' lang='lat' dir='ltr'>passim</span> <span class='ocrx_word' id='word_1_241' title='bbox 850 3037 881 3098; x_wconf 89' lang='lat' dir='ltr'>in</span> <span class='ocrx_word' id='word_1_242' title='bbox 900 3039 1037 3100; x_wconf 85' lang='lat' dir='ltr'>civitates</span> <span class='ocrx_word' id='word_1_243' title='bbox 1057 3040 1165 3122; x_wconf 90' lang='lat' dir='ltr'>dilapsi</span> <span class='ocrx_word' id='word_1_244' title='bbox 1181 3052 1274 3103; x_wconf 89' lang='lat' dir='ltr'>sunt:</span> <span class='ocrx_word' id='word_1_245' title='bbox 1293 3039 1432 3101; x_wconf 87' lang='lat' dir='ltr'>consules</span> 
     </span>
     <span class='ocr_line' id='line_1_34' title="bbox 385 3122 1114 3205; baseline 0.007 -23"><span class='ocrx_word' id='word_1_246' title='bbox 385 3122 558 3203; x_wconf 87' lang='lat' dir='ltr'>Aquileiam</span> <span class='ocrx_word' id='word_1_247' title='bbox 573 3123 605 3182; x_wconf 92' lang='lat' dir='ltr'>in</span> <span class='ocrx_word' id='word_1_248' title='bbox 620 3122 749 3184; x_wconf 89' lang='lat' dir='ltr'>hiberna</span> <span class='ocrx_word' id='word_1_249' title='bbox 762 3123 898 3205; x_wconf 87' lang='lat' dir='ltr'>legiones</span> <span class='ocrx_word' id='word_1_250' title='bbox 919 3123 1114 3187; x_wconf 87' lang='lat' dir='ltr'>reduxerunt.</span> 
     </span>
    </p>

    <p class='ocr_par' dir='ltr' id='par_1_8' title="bbox 380 3206 1432 3555">
     <span class='ocr_line' id='line_1_35' title="bbox 430 3206 1431 3290; baseline 0.005 -22"><span class='ocrx_word' id='word_1_251' title='bbox 430 3206 485 3269; x_wconf 91' lang='lat' dir='ltr'>Vl.</span> <span class='ocrx_word' id='word_1_252' title='bbox 508 3206 624 3270; x_wconf 87' lang='lat' dir='ltr'>Sedato</span> <span class='ocrx_word' id='word_1_253' title='bbox 653 3208 777 3270; x_wconf 88' lang='lat' dir='ltr'>tandem</span> <span class='ocrx_word' id='word_1_254' title='bbox 816 3208 923 3271; x_wconf 87' lang='lat' dir='ltr'>lstrico</span> <span class='ocrx_word' id='word_1_255' title='bbox 961 3213 1102 3290; x_wconf 89' lang='lat' dir='ltr'>tumultu,</span> <span class='ocrx_word' id='word_1_256' title='bbox 1133 3214 1431 3275; x_wconf 87' lang='lat' dir='ltr'>senatusconsultum</span> 
     </span>
     <span class='ocr_line' id='line_1_36' title="bbox 386 3294 1432 3379; baseline 0.004 -24"><span class='ocrx_word' id='word_1_257' title='bbox 386 3294 502 3357; x_wconf 86' lang='lat' dir='ltr'>factum</span> <span class='ocrx_word' id='word_1_258' title='bbox 518 3306 575 3369; x_wconf 90' lang='lat' dir='ltr'>est,</span> <span class='ocrx_word' id='word_1_259' title='bbox 591 3307 626 3357; x_wconf 88' lang='lat' dir='ltr'>ut</span> <span class='ocrx_word' id='word_1_260' title='bbox 640 3296 780 3357; x_wconf 84' lang='lat' dir='ltr'>consules</span> <span class='ocrx_word' id='word_1_261' title='bbox 792 3296 872 3359; x_wconf 91' lang='lat' dir='ltr'>inter</span> <span class='ocrx_word' id='word_1_262' title='bbox 886 3318 918 3357; x_wconf 91' lang='lat' dir='ltr'>se</span> <span class='ocrx_word' id='word_1_263' title='bbox 933 3310 1156 3379; x_wconf 83' lang='lat' dir='ltr'>compararent,</span> <span class='ocrx_word' id='word_1_264' title='bbox 1172 3314 1240 3361; x_wconf 88' lang='lat' dir='ltr'>nter</span> <span class='ocrx_word' id='word_1_265' title='bbox 1260 3320 1364 3361; x_wconf 86' lang='lat' dir='ltr'>eorum</span> <span class='ocrx_word' id='word_1_266' title='bbox 1389 3298 1432 3359; x_wconf 89' lang='lat' dir='ltr'>ad</span> 
     </span>
     <span class='ocr_line' id='line_1_37' title="bbox 385 3381 1431 3453; baseline 0.004 -12"><span class='ocrx_word' id='word_1_267' title='bbox 385 3381 509 3442; x_wconf 85' lang='lat' dir='ltr'>comitia</span> <span class='ocrx_word' id='word_1_268' title='bbox 534 3382 676 3442; x_wconf 87' lang='lat' dir='ltr'>habenda</span> <span class='ocrx_word' id='word_1_269' title='bbox 701 3381 832 3445; x_wconf 87' lang='lat' dir='ltr'>Romam</span> <span class='ocrx_word' id='word_1_270' title='bbox 859 3384 981 3446; x_wconf 89' lang='lat' dir='ltr'>rediret.</span> <span class='ocrx_word' id='word_1_271' title='bbox 1025 3384 1126 3453; x_wconf 86' lang='lat' dir='ltr'>Quum</span> <span class='ocrx_word' id='word_1_272' title='bbox 1149 3387 1308 3447; x_wconf 87' lang='lat' dir='ltr'>absentem</span> <span class='ocrx_word' id='word_1_273' title='bbox 1336 3384 1431 3445; x_wconf 80' lang='lat' dir='ltr'>Man·</span> 
     </span>
     <span class='ocr_line' id='line_1_38' title="bbox 380 3467 1432 3555; baseline 0.002 -26"><span class='ocrx_word' id='word_1_274' title='bbox 380 3467 459 3529; x_wconf 86' lang='lat' dir='ltr'>lium</span> <span class='ocrx_word' id='word_1_275' title='bbox 491 3468 605 3529; x_wconf 88' lang='lat' dir='ltr'>tribuni</span> <span class='ocrx_word' id='word_1_276' title='bbox 635 3469 743 3550; x_wconf 87' lang='lat' dir='ltr'>plebis,</span> <span class='ocrx_word' id='word_1_277' title='bbox 775 3473 800 3515; x_wconf 87' lang='lat'>¹⁷</span> <span class='ocrx_word' id='word_1_278' title='bbox 812 3468 852 3531; x_wconf 87' lang='lat' dir='ltr'>A.</span> <span class='ocrx_word' id='word_1_279' title='bbox 877 3469 1010 3533; x_wconf 87' lang='lat' dir='ltr'>Licinius</span> <span class='ocrx_word' id='word_1_280' title='bbox 1036 3469 1148 3555; x_wconf 47' lang='lat' dir='ltr'>Nerva,</span> <span class='ocrx_word' id='word_1_281' title='bbox 1167 3483 1199 3533; x_wconf 90' lang='lat' dir='ltr'>et</span> <span class='ocrx_word' id='word_1_282' title='bbox 1228 3470 1265 3532; x_wconf 88' lang='lat' dir='ltr'>C.</span> <span class='ocrx_word' id='word_1_283' title='bbox 1295 3470 1432 3553; x_wconf 88' lang='lat' dir='ltr'>Papirius</span> 
     </span>
    </p>
   </div>
   <div class='ocr_carea' id='block_1_8' title="bbox 381 3650 1435 4499">
    <p class='ocr_par' dir='ltr' id='par_1_9' title="bbox 381 3650 1435 4499">
     <span class='ocr_line' id='line_1_39' title="bbox 392 3650 1433 3718; baseline -0.005 -14"><span class='ocrx_word' id='word_1_284' title='bbox 392 3652 682 3718; x_wconf 68' lang='lat' dir='ltr'>&#39;¹⁸Sedllomaequoque.</span> <span class='ocrx_word' id='word_1_285' title='bbox 696 3686 703 3702; x_wconf 90' lang='lat'><strong>.</strong></span> <span class='ocrx_word' id='word_1_286' title='bbox 717 3650 892 3715; x_wconf 67' lang='lat' dir='ltr'>,bupleoernnq</span> <span class='ocrx_word' id='word_1_287' title='bbox 925 3666 977 3698; x_wconf 81' lang='lat' dir='ltr'>esre</span> <span class='ocrx_word' id='word_1_288' title='bbox 993 3651 1112 3700; x_wconf 80' lang='lat' dir='ltr'>debebant.</span> <span class='ocrx_word' id='word_1_289' title='bbox 1145 3650 1226 3700; x_wconf 73' lang='lat' dir='ltr'>Ouum</span> <span class='ocrx_word' id='word_1_290' title='bbox 1245 3662 1325 3700; x_wconf 82' lang='lat' dir='ltr'>eutem</span> <span class='ocrx_word' id='word_1_291' title='bbox 1342 3668 1366 3715; x_wconf 74' lang='grc' dir='ltr'>ς.</span> <span class='ocrx_word' id='word_1_292' title='bbox 1382 3666 1433 3715; x_wconf 78' lang='lat' dir='ltr'>req.</span> 
     </span>
     <span class='ocr_line' id='line_1_40' title="bbox 383 3715 1433 3785; baseline -0.005 -15"><span class='ocrx_word' id='word_1_293' title='bbox 383 3721 441 3773; x_wconf 82' lang='lat' dir='ltr'>Non</span> <span class='ocrx_word' id='word_1_294' title='bbox 461 3722 523 3785; x_wconf 87' lang='lat' dir='ltr'>qnod</span> <span class='ocrx_word' id='word_1_295' title='bbox 548 3722 645 3769; x_wconf 79' lang='lat' dir='ltr'>llomem</span> <span class='ocrx_word' id='word_1_296' title='bbox 671 3718 769 3783; x_wconf 67' lang='lat' dir='ltr'>protecti</span> <span class='ocrx_word' id='word_1_297' title='bbox 795 3717 842 3763; x_wconf 78' lang='lat' dir='ltr'>rint</span> <span class='ocrx_word' id='word_1_298' title='bbox 868 3715 892 3761; x_wconf 93' lang='lat' dir='ltr'>hi</span> <span class='ocrx_word' id='word_1_299' title='bbox 926 3716 963 3763; x_wconf 88' lang='lat' dir='ltr'>M.</span> <span class='ocrx_word' id='word_1_300' title='bbox 984 3716 1085 3765; x_wconf 78' lang='lat' dir='ltr'>&#39;thinius</span> <span class='ocrx_word' id='word_1_301' title='bbox 1102 3718 1190 3765; x_wconf 78' lang='lat' dir='ltr'>ditetur</span> <span class='ocrx_word' id='word_1_302' title='bbox 1211 3731 1315 3765; x_wconf 83' lang='lat' dir='ltr'>renetum</span> <span class='ocrx_word' id='word_1_303' title='bbox 1343 3718 1433 3765; x_wconf 74' lang='lat' dir='ltr'>dedisse</span> 
     </span>
     <span class='ocr_line' id='line_1_41' title="bbox 386 3780 1435 3851; baseline -0.004 -16"><span class='ocrx_word' id='word_1_304' title='bbox 386 3788 535 3844; x_wconf 69' lang='lat' dir='ltr'>Geelllihred</span> <span class='ocrx_word' id='word_1_305' title='bbox 551 3788 611 3851; x_wconf 87' lang='lat' dir='ltr'>qood</span> <span class='ocrx_word' id='word_1_306' title='bbox 628 3800 707 3832; x_wconf 81' lang='lat' dir='ltr'>rumor</span> <span class='ocrx_word' id='word_1_307' title='bbox 723 3783 751 3828; x_wconf 81' lang='lat' dir='ltr'>eb</span> <span class='ocrx_word' id='word_1_308' title='bbox 770 3780 814 3827; x_wconf 76' lang='lat' dir='ltr'>illis</span> <span class='ocrx_word' id='word_1_309' title='bbox 828 3796 891 3843; x_wconf 78' lang='lat' dir='ltr'>sper·</span> <span class='ocrx_word' id='word_1_310' title='bbox 924 3781 1057 3844; x_wconf 85' lang='lat' dir='ltr'>Sempronio</span> <span class='ocrx_word' id='word_1_311' title='bbox 1081 3795 1105 3830; x_wconf 92' lang='lat' dir='ltr'>et</span> <span class='ocrx_word' id='word_1_312' title='bbox 1124 3783 1252 3843; x_wconf 86' lang='lat' dir='ltr'>Postumio,</span> <span class='ocrx_word' id='word_1_313' title='bbox 1271 3783 1331 3845; x_wconf 88' lang='lat' dir='ltr'>qnod</span> <span class='ocrx_word' id='word_1_314' title='bbox 1349 3798 1435 3831; x_wconf 75' lang='lat' dir='ltr'>munus</span> 
     </span>
     <span class='ocr_line' id='line_1_42' title="bbox 386 3846 1433 3917; baseline -0.008 -16"><span class='ocrx_word' id='word_1_315' title='bbox 386 3872 425 3901; x_wconf 79' lang='lat' dir='ltr'>rue</span> <span class='ocrx_word' id='word_1_316' title='bbox 446 3852 553 3917; x_wconf 77' lang='lat' dir='ltr'>Aquileia</span> <span class='ocrx_word' id='word_1_317' title='bbox 581 3851 679 3900; x_wconf 80' lang='lat' dir='ltr'>Romam</span> <span class='ocrx_word' id='word_1_318' title='bbox 707 3846 770 3894; x_wconf 77' lang='lat' dir='ltr'>breti</span> <span class='ocrx_word' id='word_1_319' title='bbox 791 3847 891 3910; x_wconf 82' lang='lat' dir='ltr'>perlatus</span> <span class='ocrx_word' id='word_1_320' title='bbox 925 3857 960 3893; x_wconf 85' lang='lat' dir='ltr'>est</span> <span class='ocrx_word' id='word_1_321' title='bbox 977 3846 1078 3910; x_wconf 79' lang='lat' dir='ltr'>praetoris</span> <span class='ocrx_word' id='word_1_322' title='bbox 1094 3848 1176 3895; x_wconf 73' lang='lat' dir='ltr'>urbani</span> <span class='ocrx_word' id='word_1_323' title='bbox 1197 3848 1327 3896; x_wconf 76' lang='lat' dir='ltr'>absentibus</span> <span class='ocrx_word' id='word_1_324' title='bbox 1346 3862 1433 3895; x_wconf 79' lang='lat' dir='ltr'>conou-</span> 
     </span>
     <span class='ocr_line' id='line_1_43' title="bbox 384 3910 1431 3979; baseline -0.01 -10"><span class='ocrx_word' id='word_1_325' title='bbox 384 3918 462 3969; x_wconf 76' lang='lat' dir='ltr'>luerit.</span> <span class='ocrx_word' id='word_1_326' title='bbox 493 3918 636 3966; x_wconf 67' lang='lat' dir='ltr'>Duranius.</span> <span class='ocrx_word' id='word_1_327' title='bbox 923 3910 993 3971; x_wconf 84' lang='lat' dir='ltr'>libus,</span> <span class='ocrx_word' id='word_1_328' title='bbox 1009 3911 1117 3975; x_wconf 82' lang='lat' dir='ltr'>judicavit</span> <span class='ocrx_word' id='word_1_329' title='bbox 1129 3914 1188 3961; x_wconf 84' lang='lat' dir='ltr'>idem</span> <span class='ocrx_word' id='word_1_330' title='bbox 1208 3913 1303 3979; x_wconf 79' lang='lat' dir='ltr'>Pighius</span> <span class='ocrx_word' id='word_1_331' title='bbox 1319 3912 1431 3960; x_wconf 72' lang='lat' dir='ltr'>urbanam</span> 
     </span>
     <span class='ocr_line' id='line_1_44' title="bbox 420 3976 1434 4041; baseline -0.005 -12"><span class='ocrx_word' id='word_1_332' title='bbox 420 3983 440 4016; x_wconf 82' lang='lat'>¹³</span> <span class='ocrx_word' id='word_1_333' title='bbox 455 3980 535 4041; x_wconf 68' lang='lat' dir='ltr'>From]</span> <span class='ocrx_word' id='word_1_334' title='bbox 570 3983 610 4029; x_wconf 74' lang='lat' dir='ltr'>Sic</span> <span class='ocrx_word' id='word_1_335' title='bbox 626 3992 692 4027; x_wconf 85' lang='lat' dir='ltr'>recte</span> <span class='ocrx_word' id='word_1_336' title='bbox 713 3976 824 4025; x_wconf 81' lang='lat' dir='ltr'>Gronovii</span> <span class='ocrx_word' id='word_1_337' title='bbox 842 3978 892 4025; x_wconf 87' lang='lat' dir='ltr'>edi.</span> <span class='ocrx_word' id='word_1_338' title='bbox 923 3978 1104 4038; x_wconf 76' lang='lat' dir='ltr'>Juriedictionem</span> <span class='ocrx_word' id='word_1_339' title='bbox 1121 3978 1210 4027; x_wconf 82' lang='lat' dir='ltr'>&#39;l&#39;rtinio</span> <span class='ocrx_word' id='word_1_340' title='bbox 1228 3980 1344 4040; x_wconf 72' lang='lat' dir='ltr'>obtigisse,</span> <span class='ocrx_word' id='word_1_341' title='bbox 1361 3978 1434 4025; x_wconf 73' lang='lat' dir='ltr'>[leu-</span> 
     </span>
     <span class='ocr_line' id='line_1_45' title="bbox 384 4042 1392 4109; baseline -0.004 -14"><span class='ocrx_word' id='word_1_342' title='bbox 384 4050 450 4099; x_wconf 80' lang='lat' dir='ltr'>dere.</span> <span class='ocrx_word' id='word_1_343' title='bbox 478 4046 656 4103; x_wconf 56' lang='lat' dir='ltr'>hibernatum</span> <span class='ocrx_word' id='word_1_344' title='bbox 670 4043 781 4093; x_wconf 75' lang='lat' dir='ltr'>Hermio.</span> <span class='ocrx_word' id='word_1_345' title='bbox 891 4094 894 4099; x_wconf 23' lang='lat'><strong>¹</strong></span> <span class='ocrx_word' id='word_1_346' title='bbox 924 4042 962 4089; x_wconf 87' lang='lat' dir='ltr'>dio</span> <span class='ocrx_word' id='word_1_347' title='bbox 975 4042 1064 4091; x_wconf 83' lang='lat' dir='ltr'>Neroni</span> <span class='ocrx_word' id='word_1_348' title='bbox 1074 4044 1135 4092; x_wconf 86' lang='lat' dir='ltr'>inter</span> <span class='ocrx_word' id='word_1_349' title='bbox 1146 4045 1206 4092; x_wconf 82' lang='lat' dir='ltr'>cives</span> <span class='ocrx_word' id='word_1_350' title='bbox 1217 4057 1241 4091; x_wconf 88' lang='lat' dir='ltr'>et</span> <span class='ocrx_word' id='word_1_351' title='bbox 1252 4044 1392 4109; x_wconf 77' lang='lat' dir='ltr'>peregrinos.</span> 
     </span>
     <span class='ocr_line' id='line_1_46' title="bbox 419 4104 1433 4171; baseline 0 -16"><span class='ocrx_word' id='word_1_352' title='bbox 419 4113 442 4147; x_wconf 72' lang='lat'>¹⁴</span> <span class='ocrx_word' id='word_1_353' title='bbox 453 4110 519 4163; x_wconf 72' lang='lat' dir='ltr'>Quod</span> <span class='ocrx_word' id='word_1_354' title='bbox 534 4111 560 4156; x_wconf 79' lang='lat' dir='ltr'>t&#39;tt</span> <span class='ocrx_word' id='word_1_355' title='bbox 575 4111 675 4157; x_wconf 70' lang='lat' dir='ltr'>romulea</span> <span class='ocrx_word' id='word_1_356' title='bbox 685 4110 741 4171; x_wconf 75' lang='lat' dir='ltr'>fim&#39;</span> <span class='ocrx_word' id='word_1_357' title='bbox 756 4104 819 4167; x_wconf 79' lang='lat' dir='ltr'>tolet]</span> <span class='ocrx_word' id='word_1_358' title='bbox 839 4106 892 4155; x_wconf 82' lang='lat' dir='ltr'>Vid.</span> <span class='ocrx_word' id='word_1_359' title='bbox 958 4104 1140 4171; x_wconf 75' lang='lat' dir='ltr'>¹⁶·Militiltusque</span> <span class='ocrx_word' id='word_1_360' title='bbox 1150 4110 1355 4171; x_wconf 76' lang='lat' dir='ltr'>mbmitimptmtit]</span> <span class='ocrx_word' id='word_1_361' title='bbox 1375 4106 1433 4155; x_wconf 79' lang='lat' dir='ltr'>Non</span> 
     </span>
     <span class='ocr_line' id='line_1_47' title="bbox 381 4172 1434 4239; baseline -0.008 -12"><span class='ocrx_word' id='word_1_362' title='bbox 381 4174 768 4239; x_wconf 59' lang='lat' dir='ltr'>catenatvrnceaupra.</span> <span class='ocrx_word' id='word_1_363' title='bbox 924 4172 974 4220; x_wconf 83' lang='lat' dir='ltr'>rine</span> <span class='ocrx_word' id='word_1_364' title='bbox 996 4188 1063 4220; x_wconf 78' lang='lat' dir='ltr'>esum</span> <span class='ocrx_word' id='word_1_365' title='bbox 1092 4188 1181 4238; x_wconf 82' lang='lat' dir='ltr'>optaret</span> <span class='ocrx_word' id='word_1_366' title='bbox 1203 4174 1312 4237; x_wconf 78' lang='lat' dir='ltr'>Dojniur</span> <span class='ocrx_word' id='word_1_367' title='bbox 1337 4174 1434 4221; x_wconf 56' lang='lat' dir='ltr'>monile.</span> 
     </span>
     <span class='ocr_line' id='line_1_48' title="bbox 420 4236 1435 4303; baseline -0.002 -16"><span class='ocrx_word' id='word_1_368' title='bbox 420 4243 440 4277; x_wconf 72' lang='grc' dir='ltr'>ΙΙ</span> <span class='ocrx_word' id='word_1_369' title='bbox 451 4238 487 4287; x_wconf 73' lang='grc' dir='ltr'>Π.</span> <span class='ocrx_word' id='word_1_370' title='bbox 499 4239 608 4287; x_wconf 73' lang='lat' dir='ltr'>Claudios</span> <span class='ocrx_word' id='word_1_371' title='bbox 616 4240 706 4303; x_wconf 76' lang='lat' dir='ltr'>pretor]</span> <span class='ocrx_word' id='word_1_372' title='bbox 726 4239 763 4287; x_wconf 77' lang='lat' dir='ltr'>Ex</span> <span class='ocrx_word' id='word_1_373' title='bbox 777 4236 821 4285; x_wconf 81' lang='lat' dir='ltr'>hoc</span> <span class='ocrx_word' id='word_1_374' title='bbox 839 4237 893 4287; x_wconf 82' lang='lat' dir='ltr'>loeo</span> <span class='ocrx_word' id='word_1_375' title='bbox 925 4238 1005 4290; x_wconf 76' lang='lat' dir='ltr'>Quum</span> <span class='ocrx_word' id='word_1_376' title='bbox 1013 4240 1097 4287; x_wconf 86' lang='lat' dir='ltr'>milites</span> <span class='ocrx_word' id='word_1_377' title='bbox 1106 4241 1346 4302; x_wconf 75' lang='lat' dir='ltr'>coloniisimperesret.</span> <span class='ocrx_word' id='word_1_378' title='bbox 1356 4238 1435 4297; x_wconf 53' lang='lat' dir='ltr'>Mei·</span> 
     </span>
     <span class='ocr_line' id='line_1_49' title="bbox 384 4300 1276 4368; baseline -0.002 -13"><span class='ocrx_word' id='word_1_379' title='bbox 384 4318 448 4355; x_wconf 84' lang='lat' dir='ltr'>reete</span> <span class='ocrx_word' id='word_1_380' title='bbox 459 4305 545 4365; x_wconf 77' lang='lat' dir='ltr'>colligit</span> <span class='ocrx_word' id='word_1_381' title='bbox 556 4303 651 4368; x_wconf 83' lang='lat' dir='ltr'>Pighius</span> <span class='ocrx_word' id='word_1_382' title='bbox 662 4305 727 4352; x_wconf 86' lang='lat' dir='ltr'>hunc</span> <span class='ocrx_word' id='word_1_383' title='bbox 742 4317 766 4353; x_wconf 84' lang='lat' dir='ltr'>et</span> <span class='ocrx_word' id='word_1_384' title='bbox 784 4302 822 4349; x_wconf 88' lang='lat' dir='ltr'>M.</span> <span class='ocrx_word' id='word_1_385' title='bbox 832 4300 892 4351; x_wconf 78' lang='lat' dir='ltr'>Titi·</span> <span class='ocrx_word' id='word_1_386' title='bbox 925 4304 998 4350; x_wconf 77' lang='lat' dir='ltr'>sdhuc</span> <span class='ocrx_word' id='word_1_387' title='bbox 1008 4304 1119 4368; x_wconf 77' lang='lat' dir='ltr'>placeret,</span> <span class='ocrx_word' id='word_1_388' title='bbox 1128 4322 1167 4365; x_wconf 81' lang='lat' dir='ltr'>per</span> <span class='ocrx_word' id='word_1_389' title='bbox 1175 4306 1276 4353; x_wconf 78' lang='lat' dir='ltr'>mlorior.</span> 
     </span>
     <span class='ocr_line' id='line_1_50' title="bbox 385 4365 1433 4433; baseline -0.005 -12"><span class='ocrx_word' id='word_1_390' title='bbox 385 4372 460 4428; x_wconf 65' lang='lat' dir='ltr'>dum,</span> <span class='ocrx_word' id='word_1_391' title='bbox 485 4372 523 4432; x_wconf 91' lang='lat' dir='ltr'>qui</span> <span class='ocrx_word' id='word_1_392' title='bbox 549 4370 607 4416; x_wconf 79' lang='lat' dir='ltr'>infre</span> <span class='ocrx_word' id='word_1_393' title='bbox 630 4368 767 4425; x_wconf 80' lang='lat' dir='ltr'>nominetur,</span> <span class='ocrx_word' id='word_1_394' title='bbox 791 4370 840 4432; x_wconf 82' lang='lat' dir='ltr'>juri</span> <span class='ocrx_word' id='word_1_395' title='bbox 867 4368 892 4415; x_wconf 90' lang='lat' dir='ltr'>in</span> <span class='ocrx_word' id='word_1_396' title='bbox 960 4370 979 4405; x_wconf 83' lang='lat'>¹⁷</span> <span class='ocrx_word' id='word_1_397' title='bbox 995 4372 1025 4417; x_wconf 76' lang='lat' dir='ltr'>A.</span> <span class='ocrx_word' id='word_1_398' title='bbox 1045 4368 1241 4431; x_wconf 64' lang='lat' dir='ltr'>ternionem]</span> <span class='ocrx_word' id='word_1_399' title='bbox 1267 4367 1360 4433; x_wconf 77' lang='lat' dir='ltr'>AdJecit</span> <span class='ocrx_word' id='word_1_400' title='bbox 1377 4365 1433 4416; x_wconf 81' lang='lat' dir='ltr'>huic</span> 
     </span>
     <span class='ocr_line' id='line_1_51' title="bbox 386 4433 1282 4499; baseline -0.006 -14"><span class='ocrx_word' id='word_1_401' title='bbox 386 4439 443 4485; x_wconf 76' lang='lat' dir='ltr'>erbe</span> <span class='ocrx_word' id='word_1_402' title='bbox 459 4436 558 4483; x_wconf 83' lang='lat' dir='ltr'>dicundo</span> <span class='ocrx_word' id='word_1_403' title='bbox 572 4433 699 4499; x_wconf 62' lang='lat' dir='ltr'>praeterisse⁴</span> <span class='ocrx_word' id='word_1_404' title='bbox 729 4435 810 4483; x_wconf 64' lang='lat' dir='ltr'>Ceteri</span> <span class='ocrx_word' id='word_1_405' title='bbox 829 4433 892 4481; x_wconf 80' lang='lat' dir='ltr'>eoba</span> <span class='ocrx_word' id='word_1_406' title='bbox 925 4433 1018 4483; x_wconf 83' lang='lat' dir='ltr'>tribuno</span> <span class='ocrx_word' id='word_1_407' title='bbox 1029 4450 1159 4499; x_wconf 76' lang='lat' dir='ltr'>praenomen</span> <span class='ocrx_word' id='word_1_408' title='bbox 1171 4434 1282 4495; x_wconf 68' lang='lat' dir='ltr'>sigona</span> 
     </span>
    </p>
   </div>
   <div class='ocr_carea' id='block_1_9' title="bbox 383 4499 893 4571">
    <p class='ocr_par' dir='ltr' id='par_1_10' title="bbox 383 4499 893 4571">
     <span class='ocr_line' id='line_1_52' title="bbox 383 4499 893 4571; baseline -0.002 -23"><span class='ocrx_word' id='word_1_409' title='bbox 383 4514 494 4571; x_wconf 54' lang='lat' dir='ltr'>pam·</span> <span class='ocrx_word' id='word_1_410' title='bbox 514 4512 571 4548; x_wconf 74' lang='lat' dir='ltr'>mse</span> <span class='ocrx_word' id='word_1_411' title='bbox 594 4499 619 4547; x_wconf 74' lang='lat' dir='ltr'>a</span> <span class='ocrx_word' id='word_1_412' title='bbox 640 4499 772 4563; x_wconf 63' lang='lat' dir='ltr'>ponet„</span> <span class='ocrx_word' id='word_1_413' title='bbox 793 4500 893 4564; x_wconf 64' lang='lat' dir='ltr'>prorem</span> 
     </span>
    </p>
   </div>
   <div class='ocr_carea' id='block_1_10' title="bbox 0 0 1604 5225">
    <p class='ocr_par' dir='ltr' id='par_1_11' title="bbox 0 0 1604 5225">
     <span class='ocr_line' id='line_1_53' title="bbox 0 0 1604 5225; baseline 0 0"><span class='ocrx_word' id='word_1_414' title='bbox 0 0 1604 5225; x_wconf 95' lang='lat' dir='ltr'> </span> 
     </span>
    </p>
   </div>
  </div>
 </body>
</html>
