3184 5225
382 297 441 359 274
801 287 886 348 ΤΙΤΙ
901 287 1001 348 lrIVll

384 444 578 506 mitterentur
601 443 643 503 ad
667 442 840 505 dedendam
860 445 977 520 urbem,
1003 443 1042 503 ab
1067 441 1207 504 universa
1231 441 1427 504 multitudine
1546 467 1549 476 ’

384 530 608 592 conclamatum
623 541 680 591 est.
723 528 841 590 Fadem
867 529 971 606 virtus,
998 549 1062 609 quae
1086 529 1239 590 irritantes
1266 529 1426 610 obpugna-

384 628 481 692 verat,
494 616 639 676 rictorem
653 615 879 697 placabiliorem
902 615 985 677 lecit.
1028 614 1193 675 Obsidibus
1209 613 1347 696 adceptis
1373 635 1427 696 pe·

385 701 481 762 cunia
505 701 657 762 modicam
681 702 784 781 exegit
809 715 969 779 summam,
996 719 1141 781 armaque
1164 700 1267 762 onmia
1292 699 1426 776 ademit3

385 785 555 868 transfugas
585 787 695 848 liberos
724 788 808 849 vivos
838 787 877 849 ad
905 807 937 848 se
968 785 1079 848 adduci
1099 785 1191 867 jussit
1216 799 1249 848 et
1272 785 1427 867 fugitivos,

385 892 513 954 quornm
528 872 626 954 major
639 873 804 936 multitudo
819 885 895 934 erat.
939 871 1016 956 Ipsis
1031 872 1203 954 imperavit,
1218 883 1250 933 ut
1271 869 1425 933 interfice-

386 970 465 1020 rent.
506 957 667 1040 Jugnlatos
682 961 721 1020 de
744 979 832 1021 muro
856 957 1042 1040 dejecenmt.
1087 955 1165 1018 Cum
1182 979 1291 1038 magna
1301 955 1426 1037 jactura

385 1045 516 1108 militum
528 1057 657 1128 quatuor
671 1057 702 1108 et
716 1046 919 1129 quadraginta
934 1046 1040 1108 diebus
1056 1043 1221 1106 Contrebia
1241 1055 1424 1126 expugnata,

386 1131 553 1212 relictoque
566 1132 609 1192 ibi
631 1131 667 1192 1..
686 1131 806 1194 Justcio
851 1178 859 1193 .
904 1175 913 1192 .
957 1131 997 1194 ad
1022 1131 1160 1196 hiberum
1187 1130 1294 1192 llumeu
1319 1129 1424 1210 copias

386 1217 524 1280 adduxit.
569 1216 615 1278 lbi
630 1218 831 1280 hibernaculis
846 1219 1011 1279 secundum
1027 1217 1184 1300 oppidum,
1210 1215 1292 1297 quod
1315 1213 1425 1275 Castra

386 1300 471 1364 AElia
485 1313 620 1381 vocam,
647 1304 815 1381 edificatis,
839 1306 904 1386 ipse
929 1305 959 1365 in
981 1305 1089 1366 castris
1108 1304 1272 1381 manebat3
1295 1301 1427 1362 interdiu

386 1401 567 1450 conventum
583 1390 732 1452 sociarum
747 1391 914 1452 civitatium
931 1391 963 1452 in
978 1389 1093 1474 oppido
1113 1391 1236 1472 agebat.
1279 1387 1375 1450 Arma
1389 1399 1426 1449 ut

385 1473 493 1536 fierent
515 1497 571 1558 pro
597 1477 694 1559 copiis
718 1475 864 1558 cujusque
889 1477 1005 1560 populi,
1028 1497 1081 1560 per
1111 1488 1209 1540 totam
1239 1473 1426 1558 provinciam

386 1560 534 1623 edixerat.
578 1561 694 1632 Quibus
710 1562 855 1646 inspectis
870 1561 981 1626 referre
996 1575 1097 1625 cetera
1108 1562 1314 1625 armamilites
1325 1558 1426 1641 jussit,

385 1667 451 1730 quse
466 1659 518 1710 aut
532 1647 690 1710 itineribus
700 1651 812 1711 crebris
824 1661 967 1733 autoppu
1012 1694 1020 1711 .
1066 1697 1074 1712 .
1119 1695 1128 1712 .
1172 1649 1188 1709 f
1228 1694 1236 1710 .
1282 1693 1291 1709 .
1335 1692 1344 1708 .
1387 1667 1426 1708 an

387 1770 906 1800 ............
942 1737 1026 1798 tione
1041 1735 1128 1816 inita,
1146 1755 1187 1818 qu
1219 1775 1229 1798 .
1258 1733 1289 1795 di
1321 1775 1330 1795 .
1359 1733 1428 1793 culo

386 1819 464 1880 effici
479 1821 585 1900 possit.

428 1903 535 1985 ltaque
550 1927 656 1969 omnes
671 1908 759 1970 simul
770 1908 856 1992 justa
899 1953 908 1972 .
953 1953 961 1974 .
1004 1933 1035 1974 m
1081 1955 1089 1972 .
1135 1953 1143 1970 .
1189 1953 1197 1970 .
1243 1953 1251 1970 .
1292 1917 1348 1982 tur,
1364 1925 1421 1967 ne·

386 2011 445 2072 que
475 1994 603 2054 materia
631 1995 807 2074 artificibus,
830 1997 1004 2080 preparatis
1034 2009 1105 2058 ente
1132 1994 1266 2056 omnibus
1303 2037 1313 2054 .
1348 1990 1422 2052 nixo

386 2077 520 2140 civitium
540 2077 719 2160 [civitatium
733 2082 780 2143 vel
795 2079 919 2162 civium]
961 2126 970 2146 .
1009 2125 1018 2146 .
1055 2079 1129 2160 idio,
1156 2101 1210 2142 nec
1228 2099 1282 2140 suo
1296 2078 1423 2162 quisque

386 2163 471 2245 operi
487 2165 596 2227 artilex
615 2167 721 2230 deerat
767 2209 1427 2231 ...............

389 2294 398 2311 .
436 2294 445 2311 .
483 2295 491 2310 .
529 2271 653 2333 quasque
677 2254 709 2315 in
735 2253 947 2338 obpugnandis
969 2255 1090 2316 urbibus
1117 2252 1249 2315 hostium
1275 2250 1429 2332 gessisset,

386 2338 538 2417 exposuit,
562 2350 596 2400 et
621 2339 660 2400 ad
686 2340 800 2424 reliqua
819 2341 890 2403 belli
914 2342 1091 2404 cohortatus
1106 2350 1154 2402 cst
1168 2338 1272 2422 paucis
1287 2335 1426 2416 edoctos,

387 2434 534 2502 qnantum
550 2421 708 2506 Hispania
722 2427 884 2508 provincia
898 2428 1069 2504 interesset,
1090 2445 1159 2488 suas
1183 2435 1285 2509 partes
1310 2423 1428 2505 superi·

386 2528 453 2567 ores
483 2527 558 2570 ease.
612 2507 748 2573 Dimisso
774 2513 885 2576 deinde
914 2525 1075 2591 conventu,
1101 2512 1253 2596 jussisque
1286 2510 1427 2573 omnibus

385 2592 427 2654 ibi
473 2637 695 2659 .....
740 2620 773 2660 re
798 2622 866 2661 suas
893 2601 1044 2684 principio
1069 2600 1146 2662 veris
1173 2597 1221 2663 M.
1245 2596 1427 2681 Perpernam

385 2696 454 2738 cum
469 2680 576 2761 viginti
595 2682 727 2744 millibus
753 2687 903 2767 peditum,
926 2688 1076 2769 equitibus
1099 2687 1182 2747 mille
1209 2683 1378 2767 quingentis
1393 2682 1427 2743 in

386 2762 577 2861 Ilurcaonum
597 2766 816 2851 [llcmaonum]
837 2786 960 2853 gentem
976 2774 1060 2835 misit
1074 2773 1114 2834 ad
1129 2772 1273 2835 tuendam
1295 2768 1426 2851 regionis

384 2870 449 2931 ejus
465 2853 649 2915 maritimam
665 2876 762 2935 oram,
778 2860 857 2921 datis
872 2860 1040 2941 praeceptis,
1066 2859 1173 2941 quibus
1198 2858 1353 2920 itineribus
1369 2853 1428 2915 du·

385 2938 532 3010 ceretad
558 2938 764 3003 defendendas
790 2946 889 3006 socias
915 2948 1014 3023 urbes,
1038 2966 1114 3027 quas
1128 2944 1290 3026 Pompeius
1306 2942 1426 3024 obpug-

384 3034 482 3170 qaret
506 3024 673 3109 quibusque
699 3029 798 3112 ipsum
825 3049 935 3113 agmen
963 3030 1099 3115 Pompeii
1123 3052 1161 3094 ex
1186 3030 1303 3093 insidiis
1318 3028 1428 3111 adgre-

406 3120 514 3173 eretur.

427 3192 544 3259 Eodem
561 3208 699 3286 tempore
714 3202 803 3267 etad
823 3200 1074 3283 Herennuleium,
1100 3206 1150 3287 qui
1174 3205 1207 3266 in
1231 3203 1328 3265 isdem
1350 3200 1427 3265 locis

385 3294 461 3360 erat,
476 3282 578 3347 literas
592 3286 686 3364 misit,
701 3298 733 3349 et
747 3289 779 3349 in
794 3290 921 3352 alteram
937 3292 1123 3373 provinciam
1136 3288 1427 3353 adulterantem

389 3366 602 3452 [Hirtuleium]
616 3373 705 3455 prac‘
728 3374 804 3453 iens,
814 3375 1071 3459 quemadmodum
1086 3378 1199 3440 bellum
1212 3374 1427 3439 administrare

386 3452 604 3553 [administrari
619 3459 666 3520 vel
680 3395 892 3526 administrare
908 3462 1019 3546 ipsum]
1047 3464 1149 3542 vellet,
1171 3474 1241 3526 ante
1264 3462 1368 3525 omnia
1390 3472 1426 3523 ut

384 3551 431 3641 atq
456 3543 554 3605 socias
578 3544 715 3610 civitates
729 3558 874 3629 tueretur,
890 3570 929 3611 ne
944 3552 1009 3613 acie
1025 3568 1094 3612 cum
1108 3548 1238 3623 Metello
1253 3548 1425 3625 dimicaret,

384 3644 432 3687 cur
447 3646 545 3710 neque
561 3632 752 3712 auctorhate,
768 3654 866 3716 neque
881 3636 992 3699 viribus
1009 3656 1065 3720 par
1091 3648 1171 3699 esset
1208 3682 1217 3701 .
1256 3683 1264 3699 .
1303 3681 1311 3697 .
1346 3680 1355 3695 .
1392 3654 1423 3694 m

384 3713 542 3776 consilium
577 3762 585 3779 .
623 3762 631 3779 .
669 3766 677 3781 .
715 3764 723 3781 .
759 3741 878 3783 versum
917 3766 925 3785 .
964 3768 972 3784 .
1010 3768 1018 3787 .
1056 3744 1153 3805 neque
1187 3722 1219 3785 in
1245 3722 1342 3785 aciem
1369 3720 1425 3781 de-

384 3820 558 3863 scensumm
574 3823 644 3865 eum
658 3805 812 3883 credebat,
828 3808 852 3868 si
869 3809 1039 3873 traheretur
1063 3810 1196 3874 bellum:
1223 3809 1316 3885 hosti,
1331 3826 1425 3889 quum

384 3904 466 3947 mare
493 3889 532 3949 ab
555 3900 642 3971 tergo
664 3891 892 3977 provinciasque
917 3916 1022 3957 omncs
1049 3895 1080 3957 in
1107 3906 1261 3978 potestate
1286 3894 1425 3969 haberet,

381 3972 507 4069 navibus
522 3976 655 4057 undique
669 3990 858 4041 commeatus
873 3991 1038 4059 ventur0s;
1055 3982 1113 4064 ipsi
1129 3992 1241 4059 autern,
1257 3980 1425 4043 consumtis

383 4073 499 4203 prioref
510 4071 625 4142 aestate,
645 4084 711 4147 que
736 4078 904 4149 praparata
926 4066 1062 4147 fuissent,
1083 4068 1221 4133 omnium
1242 4085 1341 4130 rernm
1356 4066 1425 4127 ino·

383 4160 467 4222 pram
493 4165 556 4209 ore.
807 4220 810 4227 p

427 4225 610 4312 Perpernam
632 4236 663 4297 in
684 4239 871 4301 'maritimam
890 4242 1053 4322 regionem
1077 4242 1133 4305 sub
1172 4288 1180 4305 .
1217 4286 1225 4303 .
1262 4250 1328 4303 tum
1369 4282 1378 4303 .
1418 4284 1427 4303 .

382 4358 391 4377 ·
427 4357 438 4379 .
474 4360 483 4379 .
520 4360 529 4378 .
567 4341 587 4380 a
610 4322 686 4403 geri,
711 4344 805 4424 quum
831 4328 871 4388 ab
894 4348 926 4389 se
956 4328 1204 4411 obpugnarentur
1227 4324 1377 4391 Celtiberi
1392 4336 1429 4388 ut

382 4428 751 4478 ·‹,···.amus
789 4454 1171 4481 .........
1208 4430 1429 4479 amu...
