3184 5225
368 380 425 449 sn
497 350 502 361 '
787 368 1008 445 vernoun

371 540 540 619 Pompeius,
564 546 722 617 antequam
745 545 924 617 questurum
943 540 1071 613 qereret,
1090 549 1127 593 ee
1147 536 1247 614 equite
1267 532 1418 610 Romano)

372 619 559 677 tribunitiam
569 624 746 695 potestatem
766 613 972 675 restituerunt.
1013 614 1137 672 iudicia
1150 631 1264 695 qnoque
1284 612 1366 693 “per
1379 610 1417 671 L.

370 698 527 759 Aurelium
542 696 659 753 Cotiara
670 704 827 773 praetorem
838 698 881 754 ad
893 696 1006 775 equites
1020 694 1167 751 Romanos
1178 694 1327 752 translata
1338 701 1417 750 sunt.

374 774 583 844 Mithridates,
598 776 803 851 desperatione
815 794 913 833 rerum
926 792 1047 834 suanm
1059 780 1189 845 metus,
1202 775 1244 831 ad
1260 774 1419 850 Tiqranem

373 853 519 911 Armenia
532 872 629 931 reqem
642 853 789 931 cujuqtt.

410 1320 581 1395 Machares,
587 1324 678 1402 filius
692 1308 896 1393 Mithridatis,
912 1314 1041 1401 Bospori
1053 1343 1115 1394 rer,
1128 1317 1170 1403 abv
1183 1318 1218 1383 'L.
1238 1309 1361 1385 lucullo
1380 1316 1414 1382 in

370 1405 532 1462 amicitiam
545 1412 680 1483 receptus
693 1406 747 1462 est.
793 1403 846 1461 Cn.
867 1402 1012 1462 Lentulus
1035 1411 1064 1460 et
1084 1403 1119 1461 L.
1145 1402 1258 1463 Gellius
1282 1421 1416 1463 censores

370 1498 505 1563 asperum
518 1497 668 1541 censuram
683 1488 816 1559 eqrrnnt,
830 1489 959 1559 quatuor
972 1488 1002 1539 'et
1022 1484 1178 1559 seeaqinta
1191 1476 1294 1541 senatu
1308 1484 1415 1540 motis:

281 1576 286 1585 '
370 1583 389 1620 a
403 1560 518 1641 quibus,
534 1561 628 1619 lustro
642 1562 768 1631 condito,
779 1563 865 1618 censa
878 1568 947 1618 sunt
960 1558 1068 1618 civium
1080 1563 1182 1651 capita
1194 1562 1415 1641 quadrinqenta

370 1642 588 1719 quinquaqinta
601 1639 707 1697 millia.
749 1638 784 1695 L.
801 1634 943 1695 Metellus
953 1647 1065 1715 prator
1077 1633 1097 1669 ³⁹
1108 1659 1139 1696 en
1153 1638 1259 1715 Sicilia
1271 1628 1415 1698 aduersus

365 1720 488 1796 piratas
498 1736 638 1797 prospere
652 1737 712 1775 rem
723 1717 825 1792 pessit.
862 1715 1010 1793 Templum
1021 1715 1104 1777 lovis
1117 1718 1149 1776 ia
1166 1719 1208 1775 Ca
1230 1717 1323 1787 italio,
1334 1716 1415 1795 quod

370 1798 504 1855 incendio
517 1804 695 1857 consumtum
707 1804 743 1853 ac
766 1792 910 1871 'resectum
930 1802 1007 1865 erat,
1027 1816 1046 1853 a
1070 1797 1106 1864 Q.
1121 1796 1197 1856 Catu
1244 1797 1414 1854 dedicatum

370 1882 426 1933 est.
467 1876 502 1933 L.
526 1866 668 1933 Lucullus
691 1874 722 1931 in
746 1873 889 1933 Armenia
912 1859 1123 1936 Mithridatem
1142 1883 1171 1931 et
1195 1862 1360 1950 l'iqranem,
1380 1880 1412 1929 et

371 1954 504 2088 qqqentes
527 1955 683 2031 utriusque
705 1972 737 2011 re
759 1954 784 2010 is
811 1952 920 2029 copias,
966 1946 1080 2012 laribus
1122 1952 1210 2012 roeliis
1223 1952 1323 2028 fouit.
1369 1950 1407 2017 Q.

409 2031 514 2091 etellus
536 2026 705 2111 proconsul,
730 1973 805 2089 ictio
831 2028 890 2087 sibi
911 2051 930 2088 a
952 2048 1052 2089 uersus
1087 1972 1231 2107 Cirtenses
1257 2030 1409 2105 mandato,

375 2110 536 2186 Cydoniam
557 2109 657 2168 urbem
678 2109 800 2169 obsedit.
847 2109 880 2166 0.
909 2094 1055 2180 Triarius,
1076 2108 1188 2186 loqutus
1208 2108 1333 2178 luculli,
1351 2109 1408 2165 ad-

370 2208 472 2247 uersus
486 2189 697 2246 Mithridatem
710 2207 818 2267 parum
834 2205 900 2266 pro·
928 2205 976 2244 ere
992 2189 1149 2265 puqnauit.
1190 2186 1353 2255 Lucullum,
1373 2204 1411 2242 ne

368 2275 596 2346 persequeretur
610 2260 821 2325 Mithridatem
833 2285 868 2324 ac
917 2249 1057 2341 iqriznem,
1071 2285 1263 2344 summamque
1279 2265 1413 2322 uictoria

371 2347 534 2423 inponeret,
549 2347 656 2404 seditio
670 2345 798 2403 rnilitum
813 2345 917 2413 tenuit,
938 2346 1020 2422 quia·
1030 2347 1113 2424 sequi
1133 2344 1289 2403 nolebant:
1310 2344 1345 2400 id
1357 2350 1413 2414 est,

369 2426 441 2501 quia
456 2422 478 2453 ⁶⁰
488 2425 614 2500 leqiones
634 2422 808 2495 Valeriane,
828 2410 950 2501 impleta
962 2443 983 2480 a
995 2442 1025 2483 se
1038 2425 1186 2502 stipendia
1199 2424 1340 2494 dicentes,
1352 2419 1413 2479 Lu·

371 2500 686 2580 cullnmreliquernttt.
951 2504 956 2510 ’

819 2841 963 2974 xum.

414 3051 450 3124 Q.
466 3053 608 3116 Metellus
619 3057 778 3136 proconsul
794 3057 938 3132 Gnosson,
951 3067 981 3116 et
994 3057 1130 3135 Lyctum,
1143 3061 1174 3114 et
1190 3051 1361 3130 Cydoniam,
1383 3053 1415 3108 et

369 3133 447 3194 aliut
456 3137 605 3214 plurimas
617 3137 704 3195 nerbas
725 3140 916 3215 enpaqnauit.
957 3136 991 3195 L.
1015 3138 1140 3195 Roscius
1162 3127 1415 3208 tribunusplebis

370 3213 459 3291 leqem
475 3215 556 3286 tulit,
569 3223 603 3274 ut
615 3215 762 3294 equilibus
776 3217 919 3274 Romanis
932 3218 964 3273 in
979 3217 1095 3274 tleeatro
1108 3212 1331 3294 quatuordecim
1340 3227 1414 3285 qra-

368 3293 424 3351 dus
441 3295 571 3372 proximi
590 3296 831 3371 adeiqnarentur.
876 3295 928 3352 Gn.
944 3295 1112 3371 Pompeius,
1135 3293 1197 3368 leqe
1214 3291 1255 3348 ad
1270 3289 1415 3367 populum

370 3370 445 3442 lata,
456 3373 596 3451 persequi
605 3372 848 3450 piratasjuesus,
863 3374 916 3450 qui
928 3371 1126 3431 commercium
1138 3387 1256 3427 annona
1270 3365 1413 3426 interelu-

368 3459 477 3507 serant.
497 3453 579 3508 intra
600 3452 856 3542 quadrupesimum
869 3450 1022 3508 dienetoto
1034 3451 1112 3509 mari
1131 3467 1178 3506 eas
1196 3443 1330 3524 capeliis
1352 3441 1413 3502 bel-

370 3527 453 3606 loque
467 3543 531 3586 curn
544 3530 583 3586 iis
597 3548 627 3585 en
645 3524 752 3587 Cilicia
765 3529 908 3603 consecto,
922 3531 1052 3606 acceptis
1070 3530 1101 3584 in
1114 3528 1288 3585 deditionem
1299 3523 1414 3602 piratis

368 3621 455 3680 oqros
481 3613 511 3664 et
534 3605 620 3665 urbes
646 3607 740 3664 dedit.
781 3605 934 3664 Preterea
960 3626 1007 3664 res
1032 3614 1132 3682 qestas
1163 3625 1182 3662 a
1216 3604 1251 3671 Q.
1289 3600 1414 3660 Metello

367 3685 509 3766 adversus
531 3683 681 3744 Cretenses
699 3686 849 3743 continet:
870 3692 900 3741 et
913 3685 1055 3763 epistolas
1068 3683 1187 3742 Metelli
1204 3691 1235 3740 et
1251 3682 1304 3739 On.
1321 3679 1412 3737 Porn-

368 3867 393 3906 et
410 3869 516 3922 munera,
538 3861 569 3909 sic
592 3857 712 3922 Pompeia.
745 3859 876 3908 Gronovius
906 3871 1020 3917 senatum,
1034 3860 1132 3922 equites,
1149 3863 1176 3907 et
1193 3853 1296 3906 tn'buaoe
1311 3856 1414 3904 unios.

369 3924 491 3974 delendum
504 3926 579 3989 potius
590 3925 684 3988 aliquid,
698 3941 765 3988 wem
782 3925 875 3973 iniuloi·
907 3925 963 3973 Vid.
976 3925 1035 3972 inira
1046 3941 1068 3974 e.
1080 3925 1119 3973 38.
1130 3921 1200 3985 nujus
1210 3921 1268 3971 libri.

369 3989 453 4036 enduin
464 3991 581 4051 iudicavit,
594 3989 744 4054 seruauitque
755 3992 815 4038 hanc
825 3990 873 4038 lec·
938 3991 959 4027 ⁵⁹
975 3987 1100 4050 lnSieilio]
1125 3988 1178 4037 Hoc
1196 3989 1293 4036 debetur
1311 3986 1417 4048 sigonio,

369 4051 454 4100 tionem
468 4063 534 4117 quern
545 4054 713 4104 securisumus.
905 4071 976 4118 quum
988 4055 1050 4120 prius
1060 4055 1175 4114 legeretur
1185 4055 1209 4100 in
1222 4050 1308 4101 Cicilia.
1342 4051 1414 4099 Hanc

402 4117 423 4147 ⁵⁸
442 4117 485 4166 Pa·
496 4119 523 4169 L.
535 4123 651 4168 Aurelium
665 4119 761 4184 Cottam]
778 4121 874 4168 Praeno-
890 4123 894 4130 '
906 4121 1088 4168 emendationem
1100 4134 1175 4167 vetem
1187 4133 1236 4165 esse
1246 4115 1313 4165 facile
1323 4117 1414 4164 intelli-

284 4219 286 4224 .
370 4193 423 4226 men
433 4181 503 4244 hujus
513 4183 615 4248 prosodia
626 4199 655 4232 ex
666 4185 766 4234 Asconio
777 4184 874 4233 mutavit
905 4191 943 4246 get
954 4185 1028 4232 lector
1038 4201 1066 4230 ex
1077 4199 1097 4232 c.
1106 4187 1145 4233 29.
1157 4184 1227 4246 hujus
1238 4181 1299 4232 libri.

369 4241 481 4304 Sigonius,
497 4263 566 4309 quum
578 4251 633 4296 olim
650 4249 689 4298 hic
708 4251 822 4310 legeretur
835 4266 875 4310 per
892 4306 894 4309 Ι
936 4246 960 4281 ⁶⁰
977 4247 1082 4312 Legiones
1100 4246 1228 4304 Valeriana,
1242 4243 1300 4312 que]
1318 4245 1356 4293 Sic
1366 4244 1414 4292 hun

369 4305 406 4354 M·
417 4307 540 4361 diurnum.
572 4313 684 4364 Ceterum
701 4313 738 4364 les
750 4315 777 4364 ab
790 4331 819 4362 eo
828 4315 874 4361 late
904 4313 954 4360 buit
964 4323 1031 4361 vetus
1039 4314 1098 4361 liber
1107 4309 1200 4374 sigonii,
1206 4325 1274 4376 atque
1283 4308 1416 4359 haricuria

368 4373 397 4420 dt
407 4370 497 4436 judiciis
508 4377 582 4426 minus
599 4391 702 4428 accurate
719 4380 746 4426 ab
764 4379 891 4443 spanum*
905 4378 1070 4442 expediussirnn
1081 4389 1125 4426 est.
1157 4375 1302 4426 Gronoviunn
1317 4389 1342 4426 et
1357 4370 1415 4426 Du.

369 4437 529 4488 omstnuntore
540 4441 666 4491 exhibetur.
690 4443 723 4492 Ea
735 4439 800 4493 enini
810 4461 873 4492 com.
902 4444 989 4509 jatinae
1000 4443 1112 4494 editiones
1120 4442 1199 4494 cuent
1216 4443 1252 4508 sq*
1266 4458 1322 4508 que.

369 4505 499 4556 monitabat
518 4507 605 4570 prucis
625 4509 686 4560 intet
707 4515 754 4561 trtt
775 4509 897 4572 uuna*
