3184 5225
457 378 534 439 nra.
554 346 668 440 xnnr.
688 378 870 439 cmxxx
923 454 927 459 ,
1146 379 1204 442 11⁵

197 526 269 591 XX.
293 525 348 611 Hi,
379 533 556 614 transgressi
581 530 689 615 jugum
720 530 829 593 Scordi
854 532 979 611 montis,
1007 552 1063 617 per
1089 526 1202 618 lllyrici
1216 537 1358 597 ilc-⁵08³

154 616 345 694 solitudines,
376 636 450 698 quas
477 617 515 679 de
538 618 685 680 industria
707 618 882 701 populando
905 616 1093 681 Macedones
1118 621 1200 684 fece-
1214 606 1287 658 M·
1300 603 1354 658 ¹⁶²

154 714 234 781 rant,
258 724 296 763 ne
323 704 467 765 transitus
492 703 595 765 faciles
611 702 772 766 Dardanus
794 704 826 765 in
849 700 1003 787 illyricum
1025 716 1079 767 aut
1092 699 1200 770 Mace·

153 788 277 849 doniam
293 800 406 867 essent,
429 786 575 851 Scodram
590 790 693 851 labore
708 790 826 871 ingenti
849 788 974 851 tandem
992 804 1201 873 pervenemnt,

144 870 231 935 'Lissi
246 894 300 935 rex
315 872 444 936 Gentius
460 886 535 937 erat.
553 897 591 937 eo
605 874 700 939 adciti
717 874 823 957 legati,
844 876 991 938 mandata
1005 889 1201 959 exponentes,
1214 899 1313 950 Genua·

153 960 284 1040 benigne
304 960 399 1022 auditi
422 973 513 1023 sunt:
537 962 587 1043 qui
615 982 791 1044 responsum
818 961 882 1022 sine
908 960 1020 1023 effectu
1043 961 1198 1025 tuleruntr
1212 968 1343 1043 Ρθωρῑω·

152 1044 164 1077 ‘
180 1042 376 1107 Voluntatem
388 1045 445 1108 sibi
454 1068 516 1108 non
530 1048 634 1109 deesse
646 1047 687 1107 ad
697 1048 871 1111 bellandum
886 1066 955 1108 cum
968 1046 1136 1109 Romanis:
1150 1067 1200 1111 ce·
1213 1042 1293 1095 W·

149 1128 163 1164 ⁴
178 1136 276 1193 terum
287 1132 327 1193 ad
338 1132 508 1193 conandum
517 1134 560 1211 id,
572 1134 654 1214 quod
666 1134 748 1211 velit,
758 1133 921 1215 pecuniam
931 1133 1064 1194 maxime
1074 1134 1201 1198 deesse:

153 1212 227 1277 Haec
241 1215 404 1279 Stuberam
427 1218 557 1281 retulere
580 1220 655 1301 regi,
677 1230 744 1280 tum
767 1219 900 1279 maxime
922 1220 1057 1301 captivos
1072 1236 1110 1279 ex
1126 1216 1200 1303 llly-

152 1301 215 1363 rico
240 1303 395 1366 vendenti.
440 1302 605 1388 Extemplo
633 1304 724 1366 iidem
748 1303 851 1384 legati,
881 1303 985 1365 addito
1009 1300 1140 1365 Glaucia
1159 1323 1199 1367 ex

151 1406 278 1450 numero
303 1389 463 1451 custodum
488 1391 631 1471 corporis,
653 1389 858 1466 remittuntur,
884 1389 949 1449 sine
971 1389 1127 1450 mentione
1141 1410 1196 1472 pe-

152 1474 258 1551 cuniae,
285 1494 346 1555 qua
366 1496 428 1535 una
452 1476 599 1537 barbarus
626 1472 713 1558 inops
738 1474 842 1557 inpelli
867 1473 906 1535 ad
930 1473 1043 1535 bellum
1066 1484 1202 1555 poterat..

150 1554 304 1641 Ancyram
332 1560 402 1621 inde
428 1561 590 1642 populatus
617 1558 752 1638 Perseus,
778 1560 811 1621 in
832 1557 978 1621 Penestas
1004 1578 1120 1621 rursum
1141 1580 1197 1621 ex·

148 1645 279 1729 ercitum
303 1646 440 1708 reducit:
467 1645 653 1727 firmatisque
669 1645 808 1724 Uscana,
830 1658 862 1708 et
876 1646 957 1707 circa
978 1664 1045 1707 eam
1061 1665 1194 1727 perum·-

150 1730 203 1789 nia
225 1732 358 1811 castella,
385 1752 450 1813 quae
473 1744 639 1815 receperat,
662 1732 818 1815 praesidiis,
837 1733 870 1794 in
892 1729 1108 1793 Macedoniam
1131 1752 1195 1799 sese

147 1816 209 1876 reci
233 1816 266 1877 it.
562 1812 565 1821 '

257 1900 280 1963 Ι.
311 1900 347 1963 L.
379 1900 504 1982 Coelius,
543 1904 660 1985 legatus
689 1902 857 1981 Romanus,
898 1914 1024 1983 praeerat
1052 1902 1193 1987 lllyricor
1207 1916 1377 1975 hagenen·

151 1986 212 2067 qui,
228 1989 339 2049 moveri
352 2008 414 2051 non
427 2010 527 2068 ausus,
538 2006 631 2071 quum
643 1991 674 2052 in
690 1989 726 2051 iis
738 1988 877 2051 locisrex
889 2002 980 2065 esset,
991 2001 1063 2069 post
1072 1989 1194 2071 profec-
1208 1980 1278 2056 ¹³⁰9·
1289 1980 1314 2027 ³¹²
1324 1978 1361 2029 Β·

148 2072 265 2135 tionem
283 2073 404 2135 demum
429 2074 643 2155 ejusconatus
665 2076 697 2138 in
719 2072 857 2137 Penestis
871 2071 1028 2135 Uscanam
1051 2076 1195 2157 recipere,
1208 2043 1289 2107 ’Μ’

148 2178 167 2217 a
186 2158 337 2240 praesidio,
359 2160 440 2240 quod
461 2160 501 2222 ibi
517 2158 724 2223 Macedonum
747 2172 823 2237 erat,
846 2179 915 2219 curn
938 2159 1045 2220 multis
1060 2161 1195 2223 vulneri·

149 2240 202 2305 bus
228 2244 377 2329 repulsus,
407 2244 598 2328 Lychnidum
626 2247 729 2328 copias
755 2244 885 2307 reduxit.
929 2242 1005 2306 lade
1030 2257 1102 2327 post
1130 2246 1196 2308 dies

147 2348 264 2411 paucos
288 2328 334 2391 M.
347 2328 534 2391 'lhebellium
556 2330 766 2412 Fregellanum
792 2351 862 2392 cum
885 2329 958 2390 satis
979 2330 1080 2392 valida
1101 2349 1196 2393 manu

146 2414 178 2475 in
192 2410 341 2477 Penestas
355 2416 440 2477 misit
462 2416 501 2477 ad
517 2416 636 2477 obsides
661 2416 767 2478 abhis
789 2416 922 2491 urbibus,
944 2434 1009 2495 ques
1030 2416 1062 2476 in
1084 2417 1194 2477 amici:

146 2500 188 2561 tia
213 2520 284 2560 cum
308 2498 367 2561 lide
393 2514 631 2583 permanserant,
658 2502 861 2583 accipiendos.
906 2498 1071 2561 Procedere
1088 2502 1192 2562 ''etialn

145 2586 176 2647 in
190 2582 354 2648 Parthinos
380 2584 413 2666 (ii
430 2606 548 2670 quoque
570 2586 688 2649 obsides
710 2588 781 2648 dare
803 2584 1009 2732 Pepjssmsstl'
1016 2582 1128 2667 jussit:
1153 2588 1193 2648 ab

146 2681 272 2752 utraque
298 2682 390 2753 gente
415 2673 674 2734 ²¹sine'tumultu
700 2673 791 2754 exigi.
869 2681 1038 2733 enestarum
1067 2673 1190 2733 obsides

146 2757 349 2840 Apolloniam,
365 2755 577 2819 Parthinorum
595 2761 620 2798 ¹²
632 2755 836 2842 Dyrrachium
855 2757 931 2836 (tum
943 2751 1108 2837 Epidamni
1123 2774 1190 2818 maa

146 2841 192 2923 ffl's
206 2841 334 2904 ‘celebre
357 2863 470 2905 nomen
495 2841 607 2905 Gracia
634 2843 712 2924 erat)
744 2844 840 2905 missi.
891 2842 952 2924 Ap.
967 2841 1110 2903 Claudius
1137 2864 1191 2904 ac·

146 2941 267 3010 ceptam
284 2929 314 2989 in
330 2926 451 3012 illyrico
461 2929 670 3010 ¹ignominiam
691 2931 845 3009 corrigere
860 2929 995 3009 cupiens,
1019 2925 1189 2990 Phanotam

145 3007 230 3096 Epiri
248 3013 411 3080 ,castellum
436 3013 558 3074 adortus
581 3015 768 3094 obpugnare,
791 3025 823 3076 et
844 3013 959 3075 auxilia
979 3013 1190 3075 Athamanum

144 3093 458 3178 Thesprotorumque,
479 3110 587 3180 praeter
600 3097 773 3160 Romanum
789 3099 965 3176 exercitum,
989 3098 1028 3159 ad
1050 3119 1105 3160 sex
1118 3099 1192 3159 mil·

144 3183 191 3243 lia
212 3181 367 3243 hominum
393 3203 494 3244 secum
522 3183 669 3246 adduxit:
700 3193 800 3265 neque
823 3203 922 3265 opere
947 3183 1079 3264 pretium
1107 3183 1192 3264 iecit,

146 3265 254 3343 Cleva,
279 3267 327 3347 qui
354 3268 475 3330 relictus
497 3266 641 3330 aPerseo
663 3282 740 3347 erat,
764 3277 835 3330 cum
850 3267 951 3328 valido
974 3267 1113 3348 prasidio
1135 3267 1189 3327 de·

126 3348 304 3415 'frendente
341 3351 385 3416 'Et
407 3353 548 3432 Perseus,
577 3354 644 3415 ¹⁸in
673 3353 823 3416 Elimeam
854 3351 1017 3434 proiectus,
1047 3362 1079 3413 et
1108 3351 1190 3414 circa

144 3449 214 3500 eam
242 3438 374 3501 exercitu
399 3440 537 3518 lustrato,
568 3441 593 3479 ²⁴
602 3441 643 3502 ad
669 3437 818 3516 Stratum,
844 3436 1023 3500 vocantibus
1043 3435 1187 3519 Epirotis,
1201 3454 1360 3508 Pemam'

143 3521 249 3594 ducit„
287 3521 406 3588 Stratus
420 3525 606 3588 validissima
629 3537 695 3588 tum
721 3525 792 3587 urbs
815 3521 937 3586 AEroliae
964 3534 1038 3586 erat.
1059 3525 1119 3588 sita
1141 3535 1188 3589 est
1201 3521 1341 3577 mni}

176 3775 196 3808 ¹¹
212 3775 265 3824 &aa
282 3779 382 3826 trimum
400 3777 470 3842 etigr]
496 3775 574 3827 Placet
594 3792 651 3827 cou-
683 3776 751 3838 ῑὶοιι
770 3776 825 3825 ub
842 3758 879 3826 est
895 3776 988 3841 Elyma,
1010 3775 1188 3840 n'relilymaea.

139 3839 574 3969 mmmm...
777 3841 1049 3973 mne-r..
1119 3840 1189 3890 ...

170 4094 218 4173 agir
234 4096 325 4147 eelebn
339 4037 651 4164 mmuptpupougm:
682 4097 718 4148 Ex
733 4099 762 4148 iis
777 4115 829 4162 quae
846 4109 982 4175 sequanmur,
999 4098 1088 4147 vitietur
1105 4098 1187 4158 legen-

139 4155 362 4221 Eprdmrem'nomea.
681 4165 737 4214 dum
765 4179 815 4212 erae
843 4174 919 4227 porrus
945 4161 1031 4212 aras.
1075 4161 1187 4226 quru

172 4223 239 4274 ¹³ln
260 4226 382 4292 nomm
400 4233 522 4300 μαίων,
550 4231 650 4279 noim
681 4227 770 4278 Stratus
789 4227 1188 4292 mbsAErottaesmmdirurpe'r

138 4301 186 4335 nn
204 4295 298 4340 turrita
316 4295 423 4361 trena]
447 4297 520 4348 Quod
538 4293 577 4344 hic
593 4295 648 4342 dici·
680 4293 844 4343 Archidamus
912 4293 918 4306 ’
948 4292 955 4305 ’
985 4309 1010 4341 m
1048 4293 1188 4341 Eudorus

138 4359 178 4398 tur
189 4352 330 4406 demorderi
347 4361 549 4428 ebe-Elymaeos
567 4361 648 4408 lasus·
681 4359 780 4422 denique
794 4373 838 4406 rex
856 4356 896 4404 ubi
913 4359 940 4408 ad
1078 4359 1189 4416 coemit,

138 4425 164 4492 tp
184 4417 267 4467 malim
288 4427 422 4475 conveniret
442 4429 502 4486 urbi,
524 4425 648 4488 querare·
681 4433 798 4502 mpemt
814 4421 897 4472 edium
915 4423 1019 4472 omnibus
1033 4423 1104 4490 porn'a
1122 4419 1187 4470 Eto-

138 4483 207 4540 oeni.
246 4485 279 4536 Er
299 4501 378 4542 roera
400 4492 426 4545 ia
447 4491 590 4558 Elymiotide
611 4503 649 4540 re·
682 4488 1024 4542 tamtdmruamreatm.

708 4575 754 4629 12
