3184 5225
313 359 316 372 ¹
341 364 400 421 986
708 380 741 391 ··
765 339 961 411 EPITOMAE

342 512 464 579 invisus,
488 509 605 567 incensa
628 526 648 563 a
667 503 775 582 populo
795 504 890 580 reqia,
913 502 988 560 clam
1006 498 1163 580 ”Cypron
1182 494 1330 579 profuqil.
1352 504 1392 571 tl,

343 608 431 669 quum
453 588 546 647 sorori
566 586 628 661 ejus
652 584 825 661 Cleopatra,
839 600 929 658 quam
943 580 1027 656 (filia
1047 581 1111 656 ejus
1132 581 1249 656 uirqine
1259 596 1315 657 per
1335 583 1394 636 cim

341 684 516 744 compressa,
529 673 620 741 atque
636 663 667 718 in
680 662 898 717 matrimonium
917 660 1025 734 ducta)
1040 658 1262 737 repudiaverat,
1276 670 1396 734 reqnum

341 744 484 822 apopulo
506 744 607 799 mium
629 748 714 809 esset,
734 739 869 814 infensus
880 736 994 813 filium,
1015 754 1099 814 quern
1120 755 1155 792 en
1176 734 1232 792 illo
1257 734 1394 803 babebat,

348 824 443 901 Cypri
462 821 582 889 occidit,
603 827 750 896 caputque
770 816 834 889 ejus
854 825 1010 883 elmuinus,
1029 821 1060 871 et
1079 815 1170 891 pedes
1190 816 1283 871 neutri
1301 815 1394 872 misit.

344 901 509 959 Seditiones
530 919 549 956 a
573 898 737 955 triumviris
759 895 866 952 Fuluio
881 893 1000 961 Flacco,
1022 899 1052 949 et
1077 892 1111 950 0.
1139 876 1334 963 Graeciensi
1359 894 1393 950 0.
1419 915 1421 918 ·

344 979 473 1056 Papirio
498 975 638 1045 Carbone,
669 992 742 1050 apro
766 972 924 1030 diuidendo
952 972 1073 1040 creatis,
1099 971 1257 1028 excitate:
1287 970 1395 1049 quibus

343 1076 433 1135 quum
455 1056 493 1113 P.
508 1054 607 1131 Scipio
625 1055 649 1110 A
647 1052 790 1129 frisonus
809 1052 1039 1108 adversaretur:
1059 1047 1213 1125 fortisque
1224 1067 1261 1107 oc
1273 1050 1394 1107 validus

343 1136 381 1191 de
405 1136 452 1191 die
474 1136 588 1191 domum
609 1150 638 1189 se
657 1131 826 1207 recepisset,
844 1136 976 1187 mortuus
991 1129 1022 1183 in
1035 1125 1168 1185 esibiculo
1182 1127 1315 1185 inventus
1334 1134 1390 1185 est.

344 1212 488 1290 Suspecta
496 1210 576 1286 fuit,
598 1218 746 1287 tamquam
767 1209 796 1263 ei
817 1225 954 1263 uenenum
973 1205 1114 1273 dedisset,
1129 1202 1295 1280 Seaspronio
1307 1224 1391 1274 uuor,

346 1292 414 1349 ltine
427 1292 556 1357 manime,
570 1289 648 1365 quod
660 1306 741 1345 soror
755 1293 831 1343 esset
848 1283 1069 1346 Gracchorum,-
1096 1302 1161 1340 cum
1175 1282 1277 1359 quibus
1289 1284 1392 1340 simul·

346 1376 393 1427 tos
406 1368 554 1443 Africano
567 1366 687 1441 suerat.
703 1366 738 1421 de
752 1370 845 1421 morte
869 1371 966 1419 tamen
985 1362 1048 1437 ejus
1067 1359 1154 1417 nullo
1172 1361 1292 1437 questio
1313 1368 1395 1417 acta.

345 1448 392 1503 Eo
417 1446 568 1521 defuncto,
599 1445 755 1501 seditiones
781 1441 980 1498 triumvirales
1002 1440 1102 1496 acrius
1124 1446 1305 1495 exarserunt.
1360 1438 1395 1495 C.

345 1522 532 1601 Sempronius
546 1522 647 1581 conssul
659 1529 764 1579 contra
778 1519 916 1596 Lapydas
926 1520 1023 1595 primo
1037 1536 1098 1573 rem
1110 1515 1187 1573 nsale
1200 1517 1311 1591 pessit:
1332 1534 1398 1573 mne

345 1604 473 1660 uictoria
493 1602 605 1659 cladem
626 1608 777 1677 acceptam
798 1598 965 1654 ernendae-it
988 1596 1100 1652 virtute
1123 1595 1164 1651 D.
1187 1594 1276 1652 lunii
1294 1594 1397 1665 Bruti,

344 1679 423 1757 ejus,
436 1682 489 1767 qui
499 1680 686 1739 Lusitaniam
700 1677 865 1752 sstbeqerat.

809 2140 816 2161 ‘
834 2033 915 2110 LX.

385 2209 421 2267 L.
436 2206 576 2267 Aurelius
597 2200 698 2264 consul
715 2207 739 2245 ⁷⁴
749 2198 925 2262 rebellantes
937 2204 1046 2264 Sardos
1064 2204 1189 2283 subepit.
1229 2204 1251 2236 ⁷³
1263 2204 1307 2262 M.
1320 2201 1395 2263 Ful-

346 2289 412 2346 uius
425 2287 552 2345 Flaccus
587 2287 678 2342 rimus
696 2284 905 2361 Transalpinos
919 2283 1044 2361 Lipares
1058 2283 1133 2343 bello
1147 2286 1269 2355 domuit,
1290 2285 1396 2342 missus

346 2367 378 2423 in
392 2366 536 2423 auxilium
588 2362 788 2421 cassiliensibus
801 2364 943 2420 adversus
957 2361 1108 2421 Salluvios
1126 2362 1239 2431 Gallos,
1258 2364 1398 2441 quifines

346 2443 577 2502 Massiliensium
589 2440 821 2519 populabuntur.
863 2439 898 2497 L.
918 2439 1051 2517 Opimius
1060 2449 1172 2520 prator
1193 2441 1396 2517 Freqellanoe,

343 2524 398 2599 qui
418 2520 600 2593 defecerant,
621 2520 652 2575 in
666 2518 844 2576 deditionem
861 2522 986 2596 accepit,
1001 2510 1156 2595 Freqellai
1173 2520 1276 2577 diruit.
1319 2519 1395 2577 Pes-

290 2627 293 2634 ,
346 2598 466 2656 tilentia
481 2598 512 2654 in
526 2596 636 2672 Africa
650 2596 687 2654 ab
702 2598 816 2674 inperiti
830 2596 1011 2657 locustarum
1030 2598 1227 2669 multitudine,
1246 2606 1276 2655 et
1288 2598 1396 2655 deinde

345 2684 518 2734 necatarum
539 2683 649 2752 stroqe,
659 2675 758 2750 fuisse
779 2676 921 2734 traditur.
964 2676 1104 2739 Lustrum
1118 2698 1137 2735 a
1150 2676 1312 2735 cursoribus
1324 2694 1393 2733 con-

347 2757 442 2813 ditum
456 2762 509 2812 est.
554 2753 646 2811 Censen
662 2763 731 2812 suut
744 2755 853 2813 civium
863 2759 965 2835 capita
979 2766 1111 2816 trecente
1124 2757 1282 2834 nonaqinto
1295 2754 1393 2812 millia

344 2835 531 2910 septinqentu
546 2831 673 2907 triqinta
687 2852 743 2890 sen.
783 2833 816 2891 C.
836 2833 996 2906 Graecinus,
1015 2837 1126 2894 Tiberii
1131 2837 1247 2914 frater,
1262 2831 1395 2890 tribunus

343 2913 449 2989 plebis,
471 2910 653 2988 eloquentior·
667 2931 754 2988 quam
760 2911 876 2986 frater,
887 2917 1069 2991 perniciosas
1083 2915 1198 2994 aliquot
1212 2915 1288 2992 lepos
1303 2911 1396 2974 tulit:

346 2993 425 3048 inter
438 3009 513 3070 quas
525 2989 768 3064 frumentariam,
780 3001 811 3045 ut
827 2987 849 3021 ⁷⁶
859 2993 974 3050 semisse
986 3006 1016 3051 et
1028 2996 1125 3051 triente
1139 2993 1309 3050 irumeutum
1321 2993 1396 3068 plebi

346 3070 473 3128 daretur:
496 3069 623 3125 alteram
637 3067 728 3144 leqem
747 3071 912 3145 aquariam,
926 3091 1015 3149 quam
1029 3082 1058 3130 et
1068 3073 1174 3148 frater
1187 3072 1249 3148 ejus
1262 3072 1395 3129 tulerat:

347 3148 478 3217 tertiam,
490 3168 550 3224 qua
561 3155 721 3222 equestrem
732 3147 872 3220 ordinem,
886 3158 955 3208 tune
968 3170 1033 3207 cum
1046 3159 1149 3209 senatu
1161 3151 1397 3217 consentientem,

345 3233 567 3304 corrumperet:
588 3221 608 3256 π
619 3235 649 3282 ut
669 3227 794 3284 sexcenti
808 3248 845 3284 ex
858 3229 997 3305 equitibus
1011 3230 1040 3285 in
1053 3231 1158 3286 curiam
1170 3229 1397 3303 sublegerentur:

345 3306 456 3381 etquis.
474 3305 529 3361 illis
550 3305 716 3380 temporibus
737 3308 856 3364 trecenti
876 3318 985 3365 tautum
1005 3320 1144 3366 senatores
1160 3318 1250 3377 eraut,
1266 3307 1397 3364 sexcenti

376 3511 400 3548 ⁷³
417 3512 505 3576 Cypron
521 3512 632 3579 pupugit]
649 3513 687 3560 Sic
707 3513 777 3561 edidit
789 3513 851 3560 Gro·
885 3513 1040 3575 Tmnsnlpinos
1051 3515 1135 3564 Gallos.

344 3577 423 3626 novius
430 3595 459 3625 ex
467 3581 615 3627 membranis.
629 3579 705 3637 Vulgo
712 3581 737 3626 in
747 3578 852 3640 Cyprum.
915 3576 938 3614 '¹⁶
954 3580 1041 3627 Sernim
1050 3590 1072 3627 et
1080 3580 1170 3646 trimis]
1187 3583 1213 3630 lt
1225 3582 1391 3640 nudemus,

345 3647 478 3708 (temperius
498 3661 587 3707 quoque
605 3643 692 3722 qmittit
710 3645 853 3707 praepositio·
886 3640 933 3690 siue
944 3644 1026 3691 decern
1037 3645 1091 3692 assis
1109 3651 1221 3710 partibus,
1238 3649 1316 3710 quales
1333 3647 1392 3693 duo«

344 3723 408 3758 uem.
436 3764 439 3774 Ι
598 3740 600 3748 .
885 3709 1129 3758 detimtotumassem
1141 3725 1242 3775 sequent.

376 3775 400 3811 ⁷⁴
415 3773 551 3822 Rebellnntes
563 3772 651 3834 medos]
671 3773 740 3820 Hanc
752 3773 852 3835 seriptu-
896 3773 938 3823 ‚⁷⁷
958 3773 1089 3823 Uesereenti
1103 3792 1129 3823 es
1147 3776 1264 3838 optatibus]
1284 3776 1394 3833 umbus,

345 3851 401 3896 rem,
412 3854 479 3900 quem
491 3840 647 3886 Gronoviusn
667 3837 742 3901 signu
760 3841 852 3900 conjec·
884 3839 1007 3887 Auimsdr.
1029 3841 1068 3889 26.
1090 3841 1114 3887 in
1135 3842 1199 3889 Plut.
1217 3843 1296 3891 multis
1311 3842 1394 3904 probet

344 3914 396 3951 ture
422 3905 548 3966 proiectum
576 3903 618 3960 uit,
632 3915 723 3952 tuetur
751 3902 855 3949 Pithoeus
885 3904 930 3952 hoe
941 3904 1019 3952 tulisse
1027 3906 1056 3952 C.
1068 3905 1209 3964 Greecbum,
1224 3919 1251 3955 ut
1267 3907 1351 3970 judicia
1366 3909 1395 3953 eb

345 3971 520 4080 qqqquemqpnd
557 3969 695 4017 lleernium.
749 3967 853 4030 Plerique
884 3971 1027 4018 semissibus
1034 3971 1065 4083 qd
1085 3972 1182 4034 Equites
1199 3975 1379 4083 tmmlemefqpqq
1385 3990 1394 4018 s

348 4088 353 4102 Ι
444 4046 539 4083 santes.
883 4046 1024 4096 ceteraque
1053 4052 1073 4083 se
1081 4050 1210 4094 narrentur,
1219 4053 1275 4084 sena
1286 4049 1311 4085 et
1344 4047 1394 4083 tra

377 4096 399 4131 Ἰ)
411 4093 446 4140 Μ.
459 4095 746 4160 FuiuinsFloccnsprimns
756 4100 852 4146 omnisrm
884 4115 942 4148 esse.
974 4101 1028 4147 Non
1047 4101 1141 4150 absurda
1163 4102 1318 4150 Freinshemii
1334 4115 1394 4147 eon·

346 4158 499 4217 Tmstsnlpinos
519 4161 613 4220 Ligures
631 4165 684 4212 bello
705 4163 800 4223 domu-it]
820 4165 852 4211 At
882 4162 973 4227 jectum
983 4166 1097 4222 eminlm
1109 4184 1130 4216 c.
1143 4168 1182 4216 66.
1193 4169 1235 4216 boc
1246 4181 1343 4215 centusse
1353 4163 1392 4211 vel

344 4224 367 4271 in
378 4221 439 4284 Epis.
452 4231 531 4272 xisti.
544 4226 760 4288 monuissemus
772 4228 853 4275 Trans·
885 4241 950 4278 certe
962 4232 1073 4290 cogitasse
1085 4232 1224 4290 Gracchum,
1239 4235 1300 4298 quod
1316 4241 1394 4278 nemu

342 4290 425 4363 ptpirm
447 4285 774 4356 Liguresaubegissedicitur.
798 4294 850 4340 Ma·
882 4308 962 4343 auctor
972 4298 1094 4359 epitomes,
1108 4299 1148 4346 sed
1160 4300 1268 4360 perficere
1286 4312 1333 4345 non
1352 4312 1396 4359 po-

340 4369 380 4416 Jus
392 4365 471 4399 eutem
482 4363 517 4398 est
528 4355 638 4418 subegisse,
648 4375 715 4418 quem
727 4361 851 4406 domuisse.
882 4362 967 4416 tuisse,
981 4375 1050 4422 etque
1071 4363 1128 4410 adeo
1147 4365 1174 4409 ad
1191 4364 1349 4411 transferendo
1365 4361 1412 4426 ad·

343 4417 403 4465 Haec
431 4417 534 4464 observet
566 4419 696 4470 Periemius
730 4423 852 4471 Animndr.
883 4428 942 4475 soles
952 4427 1257 4489 Equinejntieiranimum
1267 4428 1390 4494 adjecisse.

342 4483 405 4532 utet.
423 4497 443 4532 e.
461 4485 483 4531 Β.
523 4483 634 4544 Legamus
653 4487 721 4549 igitur
739 4488 852 4538 hocloco
