3184 5225
510 356 588 417 mu.
602 358 697 421 ην.
717 361 801 425 cnr.
813 362 850 421 v.
1148 372 1221 443 us

153 518 250 601 panis
262 517 424 595 decedens,
440 516 611 581 Marcolica
624 520 719 583 nobili
730 520 805 581 urbe
826 531 928 603 capta,
943 522 968 567 ¹⁷
981 512 1089 582 decem
1101 518 1207 602 pondo
1219 541 1252 592 u,
1261 540 1293 593 c,
1303 546 1363 595 ser.

154 606 233 684 auri,
257 616 290 665 et
312 604 429 686 argenti
454 606 531 667 ¹⁸ad
558 626 708 667 summam
734 606 866 667 sestertii
889 607 992 668 decies
1016 608 1049 669 in
1069 606 1291 669 esuriente·
1305 610 1361 659 ¹⁶⁸·

154 690 275 753 retulit.
333 688 454 752 Paullus
481 689 624 754 AEmilius
649 692 765 769 consul,
793 711 886 772 quum
916 706 1027 771 castra,
1056 704 1092 755 ut
1117 701 1363 774 suprat’meittte-

154 777 274 839 dictum
300 788 357 853 est,
384 777 424 838 ad
454 774 537 839 Siras
561 790 648 839 terrae
674 777 887 839 Odomanticae
913 778 1051 855 haberet,
1075 782 1100 819 ¹⁸
1113 767 1374 859 quum!audAEmip

151 863 259 925 literas
281 863 320 923 ab
334 882 405 942 rege
420 861 530 925 Perseo
552 884 606 946 per
627 864 776 945 ignobiles
792 875 854 925 tres
872 863 993 945 legatos
1010 875 1160 942 censeret,
1176 876 1209 929 et
1219 836 1286 953 uun.

157 950 226 1031 ipse
251 948 457 1011 inlacrimasse
481 950 592 1011 dicitur
615 950 687 1011 sorti
712 951 874 1013 humanae:
905 951 998 1033 qnod,
1026 951 1078 1031 qui
1105 952 1209 1032 paullo

157 1048 243 1112 ante,
257 1056 320 1097 non
343 1047 505 1097 contentus
521 1056 615 1117 regno
632 1034 836 1113 Macedoniae,
851 1034 1015 1098 Dardanos
1030 1035 1210 1120 Illyriosque

158 1122 376 1204 obpugnasset,
388 1125 415 1160 ²⁰
426 1119 641 1184 Bastarnarum
657 1122 819 1184 excivisset
833 1122 956 1200 auxilia,
969 1124 994 1183 is
1009 1135 1088 1203 tum,
1097 1123 1209 1184 amisso

158 1208 306 1285 exercitu,
321 1208 449 1269 extorris
470 1228 576 1289 regno,
590 1208 622 1268 in
637 1228 760 1289 parvam
783 1208 913 1269 insulam
935 1210 1119 1291 compulsus,
1134 1230 1209 1291 sup·

158 1293 243 1377 plex,
260 1293 322 1354 iani
344 1294 501 1373 religione,
515 1314 578 1355 uon
594 1294 705 1355 viribus
724 1294 797 1373 suis,
813 1306 896 1355 tutus
910 1306 999 1357 esset.
1043 1292 1106 1357 Sed
1121 1307 1209 1376 post·

158 1399 264 1460 quam,
286 1383 311 1418 ²¹
326 1378 466 1461 ‘Regem
483 1380 591 1442 Persea
609 1379 726 1442 consuli
742 1378 847 1441 Paullo
861 1378 1011 1459 salutem‚’
1032 1380 1107 1462 legit
1111 1402 1122 1457 ;
1149 1381 1209 1442 mi-

157 1466 342 1527 serationem
356 1486 478 1528 omnem
494 1464 624 1528 stultitia
639 1467 806 1547 ignorantis
818 1469 972 1528 fortunam
986 1487 1073 1528 suam
1083 1468 1208 1529 exemit.

158 1548 269 1632 Itaque
288 1572 473 1635 quamquam
495 1552 526 1613 in
550 1552 665 1631 reliqua
686 1562 773 1634 parte
796 1552 950 1614 literarum
975 1553 1099 1615 minime
1120 1552 1210 1633 regiae

158 1646 270 1719 preces
289 1650 386 1718 erant,
402 1651 505 1701 tamen
529 1639 594 1699 sine
618 1658 763 1720 responso
785 1647 822 1698 ao
844 1639 908 1699 siue
924 1639 1019 1700 literis
1041 1660 1078 1700 ea
1094 1639 1209 1719 legatio

159 1723 289 1785 dimissa
309 1736 366 1787 est.
422 1724 524 1786 Sensit
547 1722 680 1799 Perseus,
704 1721 788 1803 cujus
815 1725 947 1785 nominis
969 1724 1210 1787 obliviscendum

159 1810 246 1871 victo
268 1823 363 1872 esset:
395 1810 505 1890 itaquse
525 1810 627 1870 alterae
649 1810 742 1870 literae
764 1830 833 1869 euru
849 1808 957 1889 privati
971 1809 1105 1870 nominis
1119 1810 1209 1873 tiuslo

159 1896 272 1970 missa,
287 1906 319 1957 et
333 1896 456 1978 petiere,
473 1907 505 1956 et
517 1897 727 1977 impetravere,
749 1906 784 1955 ut
799 1894 893 1974 aliqui
908 1894 1033 1956 adeum
1048 1896 1209 1957 mitteren-

161 1993 224 2057 tur,
247 2001 316 2042 cum
339 1982 445 2061 quibus
469 1982 552 2061 loqui
577 1981 616 2041 de
638 1991 722 2042 statu
746 1991 778 2040 et
801 1980 975 2041 conditione
997 2002 1058 2043 sure
1083 1982 1210 2043 somne

162 2077 278 2149 posset.
333 2065 421 2129 Missi
448 2080 519 2129 sunt
544 2078 604 2128 tres
625 2067 730 2147 legati,
753 2065 786 2126 P.
803 2065 960 2144 Lentulus,
981 2065 1021 2127 A.
1038 2066 1210 2128 Postumius

160 2152 303 2229 Albinus,
326 2152 364 2213 A.
384 2154 547 2215 Antonius.
602 2151 689 2213 Nihil
719 2172 757 2212 ea
782 2152 935 2232 legatione
961 2152 1131 2233 perfectum
1152 2165 1211 2230 est,
1252 2214 1259 2222 κ

161 2236 274 2301 Perseo
297 2240 413 2319 regium
439 2260 551 2302 nomeu
575 2238 658 2299 omui
677 2238 706 2299 vi
732 2238 950 2319 amplectente,
977 2237 1092 2315 Paullo,
1117 2248 1152 2298 ut
1177 2257 1211 2299 se

162 2344 277 2406 suaque
301 2326 405 2387 onmia
428 2325 458 2385 in
481 2325 575 2386 fidem
597 2336 629 2385 et
650 2324 844 2385 clementiam
866 2323 972 2405 populi
988 2322 1118 2385 Romani
1141 2344 1211 2405 per·

161 2410 311 2486 mitteret,
325 2412 541 2475 contendente.
1369 2453 1373 2459 ·

205 2493 244 2556 V.
268 2495 352 2557 Dum
375 2497 440 2559 haec
463 2510 604 2577 aguntur,
626 2496 730 2559 classis
752 2495 811 2557 Cn.
832 2497 952 2559 Octavii
976 2493 1208 2559 Samothracam
1222 2509 1366 2562 masseso-

161 2594 209 2646 est
223 2581 361 2664 adpulsa.
406 2580 435 2644 ls
451 2602 582 2664 quoque,
598 2584 735 2666 prasenti
751 2584 879 2646 admoto
901 2594 1027 2661 terrore,
1042 2583 1136 2645 modo
1150 2583 1208 2646 mi·
1221 2579 1327 2627 ’ΝΜ

162 2669 221 2745 nis,
236 2668 331 2730 modo
349 2689 403 2752 spe
419 2670 574 2751 perlicere,
588 2682 623 2731 ut
637 2691 669 2730 se
685 2668 830 2746 traderet,
845 2690 937 2752 quum
952 2683 1127 2748 conaretur;
1151 2671 1208 2733 ad·
1222 2644 1378 2760 mm

159 2752 239 2836 juvit
260 2756 293 2816 in
307 2755 365 2816 hoc
390 2775 460 2816 curn
483 2777 540 2832 res,
563 2777 615 2817 seu
638 2777 708 2816 casu
731 2768 901 2833 contracta,
916 2777 969 2816 seu
990 2757 1128 2818 consilio.
1173 2757 1210 2820 h.
1303 2727 1319 2777 p

163 2840 276 2902 Atilius
296 2841 430 2904 inlustris
453 2842 641 2918 adolescens,
655 2847 747 2924 quum
768 2842 799 2902 in
820 2843 967 2904 concione
982 2863 1047 2904 esse
1063 2844 1210 2926 populum

165 2923 399 2988 Samothracum
420 2928 556 2989 animum
576 2928 762 3005 advertisset,
779 2949 797 2988 a
817 2929 1044 3008 magistratibus
1059 2930 1161 3009 petiit,
1175 2942 1212 2992 ut

165 3012 222 3072 sibi
234 3013 337 3094 paucis
352 3013 536 3094 adloquendi
548 3014 651 3096 populi
664 3025 849 3096 potestatem
864 3014 1010 3074 facerent.
1050 3013 1212 3094 permisso,

165 3097 175 3129 ‘
192 3095 305 3158 Utrum
320 3119 385 3176 nos,
398 3099 534 3180 hospites
547 3097 773 3176 Samothraces,
784 3120 855 3160 vere
870 3100 1055 3180 accepimus,
1068 3121 1107 3161 an
1121 3101 1211 3178 falso,

168 3183 179 3216 ‘
196 3185 225 3220 ²³
235 3203 349 3244 sacram
361 3185 441 3246 hane
456 3185 595 3261 insulam,
605 3195 637 3246 et
651 3185 772 3265 augusti
784 3195 883 3246 totam
898 3196 990 3264 atque
1004 3185 1140 3246 inviolati
1155 3187 1212 3247 soli

167 3270 177 3302 ‘
193 3265 300 3329 essel’
341 3268 438 3338 Quum
454 3269 577 3332 creditas
591 3271 745 3332 sanctitati
754 3269 985 3332 'adsentirentur
996 3291 1113 3346 omnes,
1131 3269 1214 3332 ‘Cur

165 3354 176 3386 ⁴
193 3352 308 3435 igitur,'
320 3354 424 3437 inquit,
436 3360 463 3398 ²³
477 3357 645 3437 ‘pollutam
654 3355 811 3418 homicida
820 3355 968 3435 sanguine
980 3355 1058 3436 regis
1068 3354 1213 3418 Eumenis

199 3565 220 3602 ¹⁷
232 3563 310 3613 &cen
319 3563 461 3628 pendamus]
482 3563 573 3614 Marcet
584 3576 673 3613 norus·
737 3563 758 3597 ⁹¹
773 3561 945 3627 Regrum
960 3565 1044 3612 eonurli
1056 3562 1138 3612 Paullo
1153 3566 1214 3613 salu-

165 3639 202 3678 tes
216 3633 252 3678 15.
262 3631 345 3678 urreisa
355 3634 379 3679 5.
705 3627 758 3692 tem]
779 3627 866 3691 Suppls
881 3628 960 3677 dicere.
1004 3627 1115 3677 Ceterum
1131 3630 1215 3680 metim

204 3695 271 3742 ¹⁸Ad
290 3711 396 3744 masmana
418 3698 508 3744 nuntii
529 3695 608 3760 decies]
635 3695 672 3743 Ad
705 3695 821 3742 videretur
831 3695 880 3756 ipss
892 3691 1022 3742 salutatoris
1032 3694 1134 3756 epistolae
1144 3694 1215 3744 serbe

168 3759 229 3807 mille
238 3761 411 3824 sesteniuseu,
422 3763 481 3824 quod
500 3761 559 3808 idens
574 3773 617 3818 est,
626 3775 672 3808 ses·
705 3759 802 3807 referri:
822 3755 871 3807 Res
882 3756 974 3806 Perseus
988 3759 1071 3806 corradi
1082 3757 1165 3806 Paullo
1179 3775 1214 3807 se·

164 3825 246 3872 tenios
257 3825 333 3874 decies
348 3825 435 3876 centies
452 3827 571 3874 millenos:
593 3827 615 3872 id
629 3837 674 3884 est,
704 3823 779 3871 luteus.

165 3904 253 3937 merres
264 3903 374 3942 nostrates
384 3894 471 3954 argenti
482 3890 672 3942 susannense.
736 3887 861 3936 ”Sacram
884 3888 941 3937 banc
968 3886 1076 3950 insulan]
1109 3887 1148 3936 De
1171 3888 1214 3937 diis

165 3953 279 4002 Ceterum
290 3957 329 4004 bic
340 3959 412 4020 prime
427 3957 496 4005 editio
510 3955 581 4004 hebet
598 3962 672 4004 sester-
705 3951 878 4002 Ssmothrscum
911 3966 936 4002 et
964 3969 1042 4002 eorum
1069 3951 1216 4014 religionibus

163 4019 232 4066 siuns.
266 4021 367 4071 lilnrsvie
379 4021 519 4072 Gronovius.
705 4032 801 4080 egerunt
818 4019 897 4075 multi,
910 4018 949 4065 sed
965 4020 1003 4066 vix
1020 4017 1143 4080 quidquam
1160 4018 1215 4068 cleri

202 4083 222 4120 ¹9
234 4083 310 4138 Quum
319 4087 404 4136 litteras
412 4089 440 4137 ali
449 4085 595 4150 regePerses]
611 4085 672 4134 Sub·
704 4096 744 4133 sur
765 4087 825 4134 certi
839 4083 975 4132 suulenrnt.
1017 4083 1097 4131 ‘Hos
1116 4093 1216 4143 muster,

163 4145 213 4211 jicit
225 4149 335 4198 Muretus
349 4157 434 4202 sursus:
454 4167 670 4216 qusevosnecesse·
705 4149 754 4196 illas
775 4150 896 4208 religiones
922 4164 964 4212 pro
990 4149 1136 4197 meinimis
1162 4160 1214 4199 toto

163 4213 198 4260 ris
209 4214 308 4274 ridetur,
317 4217 354 4265 vel
364 4219 451 4267 allata.
591 4252 596 4262 .
704 4213 768 4263 Orbe
779 4215 865 4262 habitas
876 4211 936 4261 esseL
967 4211 1042 4266 svin.
1052 4212 1146 4262 Diodor.
1157 4213 1175 4263 l.
1186 4229 1213 4265 v.

197 4279 222 4312 Ψ
229 4277 389 4332 manarum
398 4285 505 4332 excivisset
512 4279 606 4347 curilis]
622 4281 672 4330 Pri-
705 4279 780 4328 Strab.
791 4281 808 4327 l.
820 4293 847 4328 x.
856 4279 930 4326 Dion.
940 4275 1018 4326 Helie.
1028 4277 1045 4327 l.
1057 4291 1076 4327 r.

164 4357 206 4390 nrs
226 4345 297 4393 editio
316 4349 412 4396 cluisset:
433 4348 530 4408 vulgatae
552 4349 672 4408 scripsisset.
742 4343 889 4392 ”Pellutern
914 4343 1021 4390 homicida
1045 4345 1151 4407 sasrgus'sse
1175 4360 1213 4392 rs·

165 4407 298 4462 Gronovius
313 4412 383 4464 edidit
398 4415 518 4464 aciem.-
544 4411 602 4478 quod
618 4427 671 4479 pcr-
702 4411 738 4474 gir
754 4408 857 4456 Eumenis
875 4407 975 4468 seusu]
999 4407 1060 4469 Lege
1078 4423 1131 4456 cum
1151 4409 1213 4458 Gro-

162 4471 247 4538 plstet.
705 4476 774 4525 uovio
796 4475 846 4524 sias
868 4473 916 4524 ulle
943 4474 1088 4526 curcurim
1103 4473 1212 4536 purus.
