3184 5225
409 374 467 429 140
740 382 746 392 ·
827 356 912 419 ΤῙΤΙ
926 358 1035 419 ·t1vt1
1092 444 1097 457 Ι

242 505 317 557 ⁰·0·
328 508 384 558 ⁵⁸⁴·
408 511 586 592 ‘trisprope
595 508 639 570 ita
646 508 768 568 conlata
776 517 893 584 esse,ut
902 499 1026 567 flumine
1034 502 1151 586 Enipeo
1161 502 1457 586 interjectoarcean-

241 571 313 622 Μ·
324 574 380 624 ¹⁶⁸⁰
408 597 419 631 ‘
434 609 493 659 tur.
504 615 601 675 neque
608 613 710 673 regem
722 593 877 675 pugnandi
889 603 1073 674 potestatem
1082 590 1195 667 viscere,
1205 611 1263 653 nec
1272 593 1385 655 nostris
1395 594 1457 655 sim

409 685 420 716 ‘
434 682 473 742 ad
486 680 656 761 cogendum
668 699 744 740 esse.
787 676 931 740 Hiemem
943 678 1036 739 etiam
1052 697 1190 759 asperam
1209 679 1299 740 rebus
1310 681 1455 759 gerendis

408 769 420 803 ‘
435 766 642 842 intervenisse,
659 766 690 825 in
705 766 772 826 otio
783 765 911 826 militem
924 764 975 841 ali,
991 784 1047 825 nec
1062 764 1237 845 plusquam
1254 786 1308 826 sex
1318 768 1360 805 *⁵*
1373 765 1455 828 ¹fru·

407 854 419 888 ‘
434 863 570 913 mentum
586 853 708 912 habere.
731 850 938 912 Macedonum
949 851 1010 912 dici
1024 850 1152 931 triginta
1161 849 1257 912 millia
1264 862 1453 915 armatorum

408 941 419 975 ‘
434 959 510 999 esse.
534 936 568 998 Si
579 938 639 1020 Ap.
651 936 782 999 Claudio
794 938 876 997 cirea
886 936 1074 1019 Lychnidum
1090 937 1164 998 satis
1176 936 1294 999 validus
1303 938 1453 1000 exereitus

407 1027 418 1058 ‘
434 1024 525 1101 foret,
540 1026 675 1107 potuisse
696 1023 823 1105 ancipiti
846 1024 927 1084 bello
943 1026 967 1062 ¹⁸
981 1022 1126 1084 distinere
1174 1042 1297 1103 regem:
1325 1044 1406 1086 nune
1421 1036 1455 1087 et

359 1128 362 1133 ·
407 1109 581 1192 ‘Appium
590 1122 622 1171 et
631 1110 713 1193 qnod
724 1129 794 1171 cum
804 1130 841 1171 eo
851 1108 981 1191 praesidii
991 1110 1042 1185 sit,
1053 1109 1085 1169 in
1095 1130 1215 1171 summo
1224 1110 1356 1191 periculo
1373 1130 1452 1189 esse,

407 1199 418 1230 ‘
433 1197 491 1257 nisi
501 1216 628 1278 propere
637 1208 691 1257 aut
701 1193 802 1275 justus
814 1197 964 1258 exercitus
977 1215 1013 1257 eo
1026 1196 1175 1273 mittatur,
1191 1207 1244 1257 aut
1256 1196 1297 1257 illi
1311 1196 1382 1257 inde
1395 1196 1453 1257 de-

406 1284 418 1315 ‘
432 1282 591 1343 ducantur.
613 1280 663 1343 Ad
674 1282 801 1343 classem
813 1304 846 1343 se
857 1303 895 1342 ex
905 1282 1011 1345 castris
1021 1283 1185 1363 profectos,
1198 1282 1346 1343 sociorum
1355 1302 1452 1343 nava·

406 1368 503 1429 ‘lium
520 1382 636 1449 partem
654 1368 760 1429 morbo
775 1367 894 1429 audisse
905 1368 1095 1443 absumtem3
1112 1383 1241 1450 partem,
1257 1368 1388 1429 maxime
1400 1369 1452 1449 qui

405 1455 416 1487 ‘
431 1474 471 1515 ex
495 1452 614 1515 Sicilia.
626 1455 750 1531 fuerint,
775 1454 883 1515 domos
908 1474 976 1515 suas
1001 1455 1110 1531 abisse,
1125 1466 1157 1515 et
1172 1454 1310 1516 homines
1326 1454 1452 1515 navibus

405 1540 545 1601 ‘deesse
561 1542 612 1621 qui
627 1541 699 1617 sint,
714 1561 813 1621 neque
840 1540 1024 1622 stipendium
1051 1541 1213 1623 accepisse,
1236 1560 1336 1621 neque
1357 1541 1451 1601 vesti·

404 1628 416 1659 ‘
431 1637 535 1687 menta
555 1627 677 1687 habere.
709 1624 878 1687 Eumenem
893 1626 1081 1707 classemque
1096 1624 1172 1708 ejus,
1187 1638 1344 1707 tamquam
1360 1638 1450 1688 vento

404 1713 415 1745 ‘
430 1713 549 1774 adlatas
564 1733 664 1791 rreum,
680 1713 744 1773 siue
756 1706 863 1773 caussa
879 1725 911 1774 et
924 1712 1057 1789 venisse‚¹
1068 1724 1100 1774 et
1113 1714 1230 1774 abisse:
1247 1733 1304 1774 nec
1315 1713 1449 1775 animum

405 1796 496 1879 ‘ejus
512 1800 591 1880 regis
614 1810 754 1860 constare
775 1799 849 1859 satis
871 1796 989 1859 visum?
1034 1798 1121 1861 Sicut
1136 1799 1240 1861 omnia
1257 1798 1298 1875 de
1312 1798 1449 1860 Eumene

404 1885 509 1959 dubia,
527 1889 551 1931 ¹⁷
561 1885 659 1948 Attali
676 1885 795 1966 egregie
810 1895 1002 1947 constantem
1019 1884 1110 1947 fidem
1126 1886 1324 1947 nunciabant.

256 1998 261 2011 ·
286 1998 303 2039 ,·
401 1994 404 1998 ’
447 1969 536 2031 ΧΧΙ.
552 1969 675 2053 Legatis
685 1971 807 2047 auditis,
823 1982 896 2032 tune
911 1972 949 2033 de
961 1971 1041 2032 bello
1055 1972 1164 2033 referre
1176 1992 1242 2033 sese
1255 1970 1290 2032 [ι.
1302 1970 1448 2033 AEmilius

358 2055 367 2067 “
402 2055 493 2118 dixit.
531 2054 662 2119 Senatus
677 2057 820 2133 decrevit,
836 2058 846 2089 ‘
862 2068 895 2118 ut
910 2058 942 2117 in
956 2059 1064 2119 18οειο
1076 2058 1209 2139 legiones
1225 2078 1328 2139 parem
1341 2079 1447 2120 nume·

402 2142 494 2203 ‘rum
510 2143 698 2204 tribunorum
713 2144 852 2212 consules
869 2155 901 2205 et
915 2144 1042 2227 populus
1057 2157 1214 2206 crearent:
1235 2146 1327 2206 creari
1342 2158 1448 2207 autem

403 2229 582 2291 ‘neminem
598 2250 636 2291 eo
651 2250 733 2291 anno
743 2230 874 2311 plaeere,
890 2229 948 2291 uisi
960 2231 1009 2310 qui
1024 2231 1170 2293 bonorem
1182 2231 1334 2312 gessisset.
1363 2228 1447 2292 Tum

402 2315 468 2377 ‘ex
484 2316 625 2377 omnibus
640 2315 768 2377 tribunis
783 2316 915 2379 militum
939 2317 984 2379 uti
1000 2314 1034 2377 h.
1050 2314 1194 2378 AEmilius
1220 2318 1251 2378 in
1276 2318 1351 2379 duas
1371 2318 1448 2399 legi·

402 2402 504 2463 ‘ones
519 2402 550 2461 in
566 2401 793 2480 Macedoniam,
819 2422 894 2483 quos
920 2422 1024 2463 eorum
1050 2403 1133 2480 velit,
1159 2403 1263 2483 eligat,
1278 2415 1311 2465 et
1325 2415 1370 2480 ut,
1385 2404 1446 2465 sol-

289 2499 292 2503 ·
402 2486 414 2518 ‘
429 2487 522 2549 lemni
539 2485 716 2549 Latinarum
732 2488 879 2570 perfeeto,
895 2486 930 2548 1..
947 2486 1091 2550 AEmilius
1107 2490 1223 2567 consul,
1234 2488 1446 2551 cnonavtus

254 2584 260 2591 ’
402 2573 548 2654 ‘prator²
562 2574 611 2635 cui
627 2573 731 2636 classis
751 2573 922 2656 obtigisset,
942 2575 974 2636 in
989 2576 1173 2659 provinciam
1197 2572 1449 2659 proficiscantur?

401 2658 536 2720 Additus
560 2672 609 2722 est
631 2660 679 2721 his
693 2662 801 2723 tertius
817 2659 852 2723 L.
867 2660 993 2724 Anicius
1008 2673 1129 2744 prator,
1149 2661 1235 2744 cujus
1255 2664 1333 2725 iuter
1358 2683 1446 2744 pere-

401 2744 505 2826 grinos
520 2745 693 2826 Junsdtctro
720 2759 808 2809 erat.
823 2768 892 2808 eum
920 2747 951 2808 in
975 2749 1161 2830 provinciam
1189 2747 1342 2832 Illyricum
1365 2750 1447 2810 eirca

400 2829 593 2914 Lychnidum
615 2833 674 2916 Ap.
701 2832 833 2895 Claudio
857 2834 1019 2896 succedere
1045 2834 1170 2916 placuit.
1213 2834 1358 2897 Deleetus
1372 2855 1446 2896 eure

338 2925 341 2929 '
402 2915 439 2978 C.
454 2915 572 2979 Licinio
586 2920 703 2981 consuli
727 2920 869 3003 inposita.
892 2920 917 2980 is
939 2933 1057 3002 septem
1087 2922 1184 2984 millia
1204 2921 1311 2982 civium
1327 2919 1445 2982 Roma-

400 3025 509 3066 norum
524 3017 557 3066 et
570 3005 688 3086 equites
708 3007 856 3068 ducentos
876 3006 1006 3068 seribere
1029 3005 1151 3089 jussus3
1176 3017 1208 3069 et
1232 3006 1320 3068 sociis
1341 3008 1446 3068 nomi-

400 3090 448 3151 nis
475 3089 575 3152 Latini
601 3105 719 3176 septem
746 3092 841 3154 millia
864 3092 1000 3173 peditum
1026 3093 1185 3177 imperare,
1208 3092 1446 3174 quadringentos

399 3176 517 3257 equites
528 3199 538 3254 3
571 3190 603 3240 et
633 3182 658 3218 ¹⁹
672 3178 728 3240 Cn.
758 3177 885 3240 Servilio
916 3175 1048 3241 Galliam
1077 3179 1229 3242 obtinenti
1258 3179 1445 3262 provinciam

399 3262 503 3325 literas
532 3264 664 3342 mittere,
693 3278 728 3327 ut
755 3275 916 3326 sexcentos
945 3266 1061 3347 equites
1095 3267 1308 3328 conscriberet.
1352 3263 1446 3327 Hunc

399 3351 568 3412 exercitum
592 3349 632 3411 ad
658 3350 808 3432 collegam
834 3351 933 3432 primo
959 3371 1077 3433 quoque
1104 3364 1242 3436 tempore
1268 3351 1391 3414 mittere
1412 3352 1443 3412 iu

400 3433 617 3498 Macedoniam
638 3434 750 3517 jussus.
774 3458 873 3518 neque
893 3438 925 3498 in
949 3458 987 3498 ea
1009 3438 1164 3519 provincia
1178 3439 1246 3520 plus
1261 3459 1353 3518 quarn
1369 3438 1445 3499 duas

399 3520 536 3602 legiones
550 3542 634 3600 esse3
657 3544 710 3584 eas
724 3523 844 3606 repleri,
858 3536 894 3584 ut
916 3544 989 3584 sena
1011 3523 1107 3585 millia
1131 3524 1281 3606 peditum,
1305 3535 1446 3584 trecenos

399 3606 549 3668 haberent
561 3609 687 3691 equites.
711 3621 828 3672 ceteros
848 3610 966 3690 equites
981 3609 1157 3691 peditesque
1171 3610 1202 3671 in
1218 3609 1364 3692 presidiis
1381 3608 1444 3670 dis·

398 3694 483 3776 poni.
498 3695 549 3776 qui
564 3715 668 3756 eorum
689 3695 791 3756 idonei
816 3696 856 3755 ad
882 3695 1073 3756 militandum
1099 3717 1161 3757 non
1185 3707 1297 3774 essent,
1317 3694 1446 3758 dimitti.

433 3826 491 3891 ¹prs
502 3827 619 3876 asteriscis
635 3829 721 3874 dierum
733 3827 842 3875 exhibent
854 3825 928 3875 Gron.
942 3826 1012 3877 Cres.
1023 3838 1047 3875 et
1057 3828 1119 3891 prior
1134 3825 1228 3890 quidem
1243 3827 1332 3875 uncinis
1348 3841 1395 3874 non
1412 3825 1448 3874 is·

398 3892 496 3944 elusum.
627 3891 836 3941 ”tressortem

398 4025 453 4058 nens
472 4009 648 4059 Gronorisnsm.
687 4007 758 4056 Prisci
779 4007 836 4056 editi
855 4023 906 4069 pro·
937 4016 1111 4056 enumerentur.
1135 4007 1180 4054 set
1192 4006 1364 4068 preterendun
1382 4006 1449 4055 credi

398 4077 466 4121 casis.
935 4083 1029 4135 possunt
1048 4074 1139 4123 urbanae
1157 4073 1234 4120 luisse.
1266 4069 1319 4118 va.
1336 4084 1386 4119 aot.
1401 4073 1447 4120 20.

435 4136 455 4170 ¹⁶
465 4137 584 4202 Dianam]
598 4139 674 4202 Vulgo
683 4139 793 4186 Matre.
805 4137 907 4186 Messeis
936 4137 963 4184 sd
975 4149 1073 4185 xxxin.
1085 4141 1124 4186 25.

400 4199 538 4251 Gronovius.
972 4199 1047 4248 ¹⁹Cn.
1068 4197 1169 4266 Seruilio]
1204 4195 1285 4248 Priori
1306 4197 1359 4244 snni
1382 4213 1442 4246 eon-

432 4268 548 4332 ¹⁷Attoli1
578 4269 657 4318 Scribe
675 4284 729 4317 eum
746 4267 828 4316 eodem
843 4265 905 4314 Gro·
936 4263 988 4320 suli.
998 4263 1045 4326 qui,
1058 4278 1084 4313 us
1094 4281 1124 4314 es
1139 4267 1185 4313 hoe
1200 4264 1249 4311 loco
1258 4261 1375 4317 discimus,
1388 4278 1442 4325 pro·

398 4333 476 4390 novio,
485 4335 518 4380 ita
527 4334 608 4383 Attuli.
936 4342 1014 4390 rogaro
1035 4344 1063 4376 ex
1083 4331 1201 4381 consulatu
1224 4327 1317 4392 inperio
1341 4325 1446 4376 Gelliam

434 4397 455 4432 ¹⁸
466 4397 520 4446 Octo
533 4396 635 4461 Ιιςίοηα]
663 4398 691 4447 ln
710 4412 809 4460 eaquae
826 4395 906 4456 sequi·¹
936 4393 1063 4444 obtinebat·

386 4476 438 4514 tus
453 4462 570 4526 legionen
586 4461 736 4528 descriptione
754 4478 796 4512 ses
813 4471 903 4509 tantum
