3184 5225
402 376 477 437 oros
834 372 1032 449 orsaorsa
1061 400 1096 426 -.-

407 529 584 609 triumphali
597 534 674 587 vesle
688 527 720 583 in
733 536 867 586 serratum
878 529 969 598 uenit,
979 529 1058 605 quod
1070 546 1151 587 nemo
1162 539 1233 587 ante
1244 532 1434 608 cumsecerat
1444 552 1459 590 .·

406 612 489 689 eique
505 617 629 686 propter
650 604 791 663 Cimbrici
809 606 882 663 belli
897 612 1007 663 metum
1024 609 1215 667 continuatus
1223 628 1281 686 per
1293 611 1458 688 complures

405 706 495 745 anuos
507 686 702 761 moqistratus
713 690 766 742 ost.
808 683 940 743 Secundo
954 693 984 741 et
998 686 1086 742 tertio
1099 686 1204 745 absens
1214 688 1317 746 consul
1324 696 1458 759 creatus,

427 773 545 823 uarium
559 762 741 823 consulatum
751 760 973 821 dissimulanter
986 772 1111 840 captans
1125 774 1293 825 consecutas
1309 774 1363 825 est.
1399 768 1456 825 Cn.

405 786 555 901 Ilomitias
564 840 703 919 pontifex
713 841 856 898 mocimus
865 841 973 932 populi
985 842 1131 919 suffroqio
1144 852 1262 903 creatus
1276 852 1328 903 est.
1374 846 1455 903 Cim‘

405 918 461 988 bri,
483 919 611 977 vastatis
622 917 762 989 omnibus,
782 938 847 997 quor
862 928 940 977 mter
955 918 1132 977 Rhodanum
1145 929 1175 977 el
1186 922 1361 997 Pyrenaeum
1371 933 1454 993 sunt,

399 1018 457 1076 per
470 998 578 1055 sallum
597 997 628 1053 in
648 996 828 1073 Hispaniam
841 999 1029 1074 transqressi,
1050 998 1149 1077 ibique
1162 1000 1255 1059 multa
1273 1001 1339 1060 loca
1357 1021 1453 1077 popu·

403 1076 471 1146 lali,
484 1096 503 1133 a
526 1074 682 1134 Celtiberis
696 1073 809 1149 suqotr'
824 1084 911 1132 sunt:
934 1077 1099 1154 reversique
1121 1078 1154 1133 iu
1174 1078 1312 1148 Galliam,
1335 1076 1453 1137 ‘’belli-

401 1156 475 1213 cosis
488 1172 517 1213 se
533 1154 669 1213 Teutonis
683 1152 905 1229 conjunxerunt.

833 1547 1009 1623 LXVIII.

438 1764 483 1821 M.
505 1766 651 1823 Antonius
675 1773 788 1844 pretor
808 1768 840 1822 in
863 1767 1001 1828 Ciliciam
1023 1767 1187 1825 niaritimos
1208 1763 1361 1839 predones
1379 1780 1449 1835 per·

398 1851 514 1901 secutus
534 1852 588 1903 est.
639 1842 670 1901 C.
692 1844 813 1904 Marius
832 1844 934 1903 consul
952 1860 1062 1904 ramma
1085 1847 1117 1901 vi
1136 1842 1307 1919 obpuqaata
1328 1860 1347 1896 a
1372 1838 1449 1896 Teu·

400 1924 476 1979 tonis
502 1930 532 1979 et
555 1920 748 1981 Ambronibus
772 1930 875 1982 castra
894 1923 1039 1998 defendit.
1069 1921 1180 1981 duobus
1203 1919 1307 1977 deinde
1329 1918 1451 1995 proelr'is

397 2000 478 2057 circa
491 2000 594 2077 Aquas
607 1999 723 2057 Sextias
737 2020 783 2059 eos
795 2001 892 2061 bostes
905 2002 1024 2069 delenit,
1036 2004 1066 2059 ia
1077 1999 1183 2082 quibus
1194 2016 1266 2055 casa
1282 1997 1448 2052 traduntur

398 2076 524 2135 bostium
536 2080 663 2146 ducenta
675 2078 782 2148 millia,
796 2086 887 2155 capta
899 2081 1070 2157 norroqinto.
1112 2078 1233 2135 Marius
1242 2074 1342 2132 absens
1355 2074 1444 2150 quin-

398 2162 460 2212 tam
477 2155 577 2213 consul
589 2164 706 2214 creatus
725 2165 779 2214 est.
803 2158 982 2234 triumphum
1000 2157 1142 2226 oblatum,
1156 2158 1243 2213 donec
1258 2160 1289 2209 et
1311 2150 1448 2209 Cimbros

397 2234 538 2301 uinceret,
558 2235 687 2293 distulit.
733 2234 854 2305 Cimbri,
878 2236 994 2313 repulso
1014 2236 1052 2293 ab
1074 2234 1205 2315 Alpibus
1216 2234 1386 2309 suqatoqae
1405 2230 1445 2296 Q·

401 2312 509 2369 Catulo
523 2312 706 2390 proconsule,
724 2314 776 2390 qni
781 2313 893 2388 fauces
911 2314 1034 2392 Alpium
1051 2314 1216 2381 obsederat,
1226 2315 1256 2366 et
1276 2310 1317 2367 ad
1328 2308 1448 2384 flumen

396 2390 530 2448 Athesim
544 2391 697 2449 castellum
707 2392 821 2449 editum
830 2393 989 2463 insederat,
1001 2393 1231 2471 reliqueramus,
1242 2386 1264 2418 ⁹⁰
1272 2406 1373 2465 quum,
1384 2386 1448 2441 oir-

396 2475 460 2525 tute
474 2487 528 2525 sua
547 2467 691 2545 expliciti,
705 2468 878 2544 suqientem
891 2470 1093 2547 proconsulem
1110 2470 1327 2544 exercitumque
1346 2482 1447 2523 conse·

395 2547 468 2614 cuti,
496 2548 528 2601 in
560 2544 683 2603 Italiam
712 2546 909 2623 trajecissent,
922 2548 1039 2624 junctis
1063 2548 1192 2624 ejusdcm
1222 2542 1325 2603 Catuli
1353 2552 1384 2600 et
1411 2542 1446 2598 C.

395 2623 493 2680 Marii
511 2623 697 2690 exercitibus,
713 2625 820 2701 proelio
841 2626 915 2686 victi
934 2627 1054 2685 suntab
1067 2630 1128 2686 eis:
1155 2628 1262 2703 inquo
1282 2641 1356 2681 casa
1377 2631 1446 2678 tra-

394 2703 506 2757 duntur
529 2701 655 2758 bostium
677 2711 792 2759 centum
812 2706 1017 2782 quadraginta
1035 2705 1142 2773 millia,
1161 2711 1253 2781 capta
1272 2702 1442 2775 seuaqinta.

392 2777 412 2810 ⁰¹
427 2779 555 2847 Marius,
568 2780 659 2838 totius
675 2781 809 2839 civitatis
822 2801 961 2842 consensu
978 2792 1125 2860 exceptus,
1161 2801 1193 2839 ro
1207 2779 1317 2839 duobus
1335 2780 1445 2836 mium·

389 2857 471 2935 pleis,
492 2857 544 2934 qui
557 2856 775 2932 obserabantur,
789 2879 846 2918 uno
855 2861 1090 2937 contentusfirit.
1132 2801 1283 2918 brincam
1295 2857 1445 2927 ciuitatis,

391 2938 444 3014 qui
458 2935 642 3013 aliquamdiu
660 2944 695 2994 ut
708 2957 780 2995 norro
794 2938 913 3006 bomini,
931 2940 973 2996 ad
986 2947 1084 2998 tantos
1098 2939 1218 2996 bonores
1230 2945 1339 3008 evecto,
1362 2936 1445 2992 invi·

391 3015 508 3083 derant,
528 3023 728 3072 conservatam
741 3015 779 3072 ob
793 3035 826 3074 eo
841 3016 1048 3096 rempublicam
1052 3016 1244 3093 fatebantur.
1286 3012 1444 3072 Publicius

299 3151 302 3158 ,
392 3091 562 3160 Malleolus,
582 3100 677 3149 matre
695 3096 802 3162 occisa,
817 3097 934 3172 primus
953 3098 1068 3155 insutus
1081 3093 1173 3163 culeo,
1193 3095 1225 3151 in
1242 3112 1323 3149 mare
1333 3091 1444 3169 praci-

387 3171 506 3248 pitatus
527 3178 580 3228 est.
622 3171 743 3228 Ancilia
763 3192 828 3229 cum
847 3174 973 3252 strepitu
991 3182 1070 3232 mota
1088 3192 1161 3243 esse,
1180 3181 1339 3249 antequam
1363 3169 1443 3226 Cim·

424 3375 446 3411 ⁸9
462 3370 896 3438 BelliaaIrreI'crrtorrirconJrrrrsemmr]
930 3379 969 3437 qui
991 3375 1076 3440 sorices
1101 3375 1192 3436 Alpium
1215 3374 1330 3429 moder,
1351 3371 1442 3433 flamm

393 3437 559 3486 Belliton'rhic
577 3438 684 3498 frigidum
702 3451 747 3496 eor,
762 3451 789 3487 ut
806 3453 831 3488 ct
850 3442 901 3487 belli
930 3442 1027 3490 Athesim
1050 3442 1184 3503 mmrgmr',
1208 3438 1323 3487 castellum
1350 3439 1443 3492 ιάὶειιι,

390 3503 899 3616 {iiili'irwbii‘iiiiiii‘“¹⁸'c¹³¹¹
930 3508 988 3568 ⁹⁹⁰⁶
1003 3499 1441 3628 mimi-lm

478 3601 484 3614 .
545 3601 551 3614 .
747 3586 772 3619 rr.
832 3585 898 3618 rono-
945 3587 993 3618 eerrr
1430 3593 1442 3603 ·

390 3633 440 3680 vius
449 3634 556 3696 conjitit:
573 3633 714 3680 Ambronibus
727 3649 749 3681 se
764 3643 785 3682 et
797 3630 900 3684 Tiutonir
930 3588 973 3682 iero
980 3634 1127 3697 proconsulem
1140 3635 1298 3693 mirumque
1314 3637 1442 3676 comm

390 3699 555 3758 naumann.
588 3698 658 3745 Certe
677 3697 731 3745 inE
749 3697 775 3746 it.
791 3701 898 3761 sequenti
928 3709 967 3746 ert.
1000 3697 1201 3762 InItaIiomquum
1212 3694 1443 3756 deiudetrojeoiuerrt,

389 3761 519 3840 Ambrosios
530 3772 555 3809 et
563 3761 665 3810 Teutoni
677 3716 830 3812 amnicum
843 3765 896 3815 Mu·
920 3765 1009 3840 premeris
1018 3764 1114 3839 q'nrdem
1122 3763 1198 3840 Catuli
1208 3763 1334 3836 copimetc:
1365 3756 1441 3818 Haec,

390 3839 815 3956 '¹¹2Ii‘iiii'irlilbi‘iirua
831 3891 896 3942 vn.
927 3823 1444 3954 mmmm:

388 3955 500 4006 editionee
524 3967 549 4004 et
568 3956 670 4020 plerique
687 3957 760 4006 MSS.
781 3958 898 4018 aplicare.
927 3976 992 4022 quem
1010 3968 1091 4012 mmm,
1106 3959 1138 4004 ric
1157 3957 1253 4017 corrigas
1270 3967 1295 4002 et
1314 3954 1440 4018 supplere:

388 4019 490 4071 Mutavit
509 4023 622 4083 Sigoniuu
637 4033 661 4070 et
672 4021 778 4084 intelligit
791 4023 896 4073 musra
927 4026 966 4086 qui
977 4033 1048 4070 torum
1060 4023 1083 4069 irr
1094 4021 1291 4085 muellofuerunt,
1304 4022 1390 4066 uirtute
1398 4034 1440 4066 ara

386 4084 503 4136 obsidione
514 4089 579 4150 qnasi
590 4087 668 4138 Catuli
679 4089 795 4138 liberatos.
809 4087 895 4138 Veram
909 4107 915 4128 r
927 4089 1023 4149 explicui
1034 4083 1164 4149 fugientem
1185 4083 1335 4149 proconsulem
1355 4085 1438 4130 merei·

388 4147 478 4197 Cimbri
493 4159 542 4200 tam
560 4154 658 4202 victores
670 4169 715 4203 ooo
728 4155 896 4218 expilcrbrotur
926 4161 1016 4217 tumque
1032 4152 1207 4200 cramelenus.
1238 4147 1315 4210 Digna
1325 4149 1439 4195 memoria

387 4213 496 4274 pericqu,
510 4219 549 4264 esd
560 4219 621 4267 utrm
637 4221 764 4284 periculum
778 4235 804 4268 rc
819 4231 894 4266 terro·
909 4216 1006 4277 ,vinum
1016 4217 1046 4264 de
1057 4232 1100 4278 qua
1111 4216 1156 4262 vio.
1168 4233 1191 4263 c.
1202 4214 1241 4262 50.
1251 4213 1320 4276 hujus
1329 4212 1391 4261 Iibti.

388 4291 437 4324 rem
455 4279 565 4330 Remmia
582 4285 718 4334 inserebant.
750 4284 894 4333 Memor-nn
956 4282 976 4319 ⁹⁸
996 4282 1159 4329 hiericontius
1168 4281 1264 4328 ciuitatis
1281 4293 1384 4326 oorrsensu
1399 4293 1441 4324 er·

388 4344 492 4406 quadarn
505 4343 620 4396 Gronovio
630 4351 736 4415 inspectu
749 4349 816 4411 longe
826 4350 893 4398 aliern
925 4347 1011 4410 ceptro]
1027 4346 1128 4394 Videtur
1146 4344 1184 4394 bre
1202 4343 1290 4408 aliquid
1306 4341 1446 4399 desiderari,

386 4408 511 4461 lectionem
521 4411 645 4463 exhibent:
666 4415 756 4472 crura,
768 4415 853 4476 requiro
866 4415 895 4462 eb
925 4412 993 4475 qurle
1010 4423 1070 4460 esset
1087 4426 1168 4458 ruarmo
1183 4427 1235 4460 eum
1251 4409 1340 4469 bonore,
1355 4407 1395 4458 rel
1407 4409 1442 4456 irr-

387 4474 479 4538 Alpiirrs
489 4475 619 4541 j'agotoqrre
630 4477 657 4533 Q.
670 4479 749 4528 Catulo
763 4481 896 4541 parmarum,
923 4476 1151 4543 geutigrntulatioae.
