3184 5225
377 357 440 420 m
803 342 888 406 'fl'l'l
909 343 1010 406 um

769 499 817 549 AD
833 499 895 552 ΠΒ.
911 497 1036 548 mvn.

427 593 514 658 Sulla
542 594 764 656 nobilissimum
789 594 964 675 conjugium
994 594 1159 670 contrabit,
1186 591 1309 658 Caeliis
1332 594 1424 659 ducta

383 681 504 742 Metelli
530 682 685 762 pontificis
711 683 836 742 maximi
861 682 932 742 filia.
977 678 1060 740 Hinc
1075 680 1189 744 cecinit
1202 680 1298 743 mults
1312 681 1343 745 in
1358 699 1428 744 eum

388 769 534 850 probrose
547 768 666 848 mugra,
680 769 829 848 multique
843 789 882 828 er
898 764 1080 850 primoribus
1089 766 1262 830 inviderunt
1276 767 1316 844 ai,
1327 765 1428 846 indig-

386 875 460 916 num
480 854 533 914 illa
554 853 670 915 femina
691 855 913 931 existimantes,
936 866 972 915 ut
990 850 1081 915 'l'rtns
1096 853 1150 930 ait,
1165 872 1254 933 quem
1270 853 1429 914 consulatu

383 940 575 1026 judicassent
588 941 726 1022 dignam.

418 1023 480 1071 Plan.
490 1025 515 1070 in
526 1025 572 1071 rita
580 1024 651 1072 Sulla
661 1042 684 1087 μ
695 1027 752 1071 455.
783 1023 824 1072 Cf.
834 1023 937 1074 sanda
944 1023 1024 1088 suppl.
1035 1035 1137 1073 uxxrn.
1148 1026 1172 1072 2

430 1092 518 1152 Sulla
529 1113 622 1175 quum
647 1093 780 1174 primum
803 1093 843 1153 ad
859 1094 963 1154 urbem
979 1105 1086 1153 contra
1101 1090 1229 1152 llarium
1244 1102 1341 1158 castra
1355 1115 1425 1156 mo·

385 1179 489 1257 risset,
505 1179 582 1240 adeo
597 1179 668 1240 lata
688 1191 760 1238 exta
773 1180 946 1241 immolanti
963 1179 1054 1240 luisse
1069 1179 1172 1240 scribit
1186 1177 1291 1255 livius,
1306 1189 1340 1240 ut
1353 1200 1424 1240 cus-

388 1266 480 1326 todiri
508 1286 540 1325 se
577 1263 750 1325 Postumius
784 1287 917 1346 aruspex
945 1267 1084 1342 voluerit,
1110 1266 1217 1346 capitis
1245 1263 1424 1361 supplicium

388 1352 550 1430 subiturus,
564 1352 622 1412 nisi
636 1372 684 1432 ea,
699 1372 766 1432 quae
780 1353 813 1414 in
829 1353 932 1416 animo
948 1349 1033 1412 Sulla
1048 1353 1184 1429 baberet,
1208 1349 1273 1412 Diis
1292 1351 1426 1434 Juvanti·

388 1439 446 1498 bus
461 1437 658 1518 implevisset.
1293 1435 1295 1437 ’

419 1521 544 1581 angnia.
552 1521 583 1568 tle
593 1521 646 1570 crs.
656 1520 705 1567 Dei
717 1536 748 1570 rr.
758 1524 799 1570 24.
832 1521 872 1572 cf.
884 1519 945 1569 nur.
956 1521 973 1569 l.
983 1534 1000 1568 r.
1010 1537 1033 1584 p.
1044 1524 1100 1571 457.

767 1635 816 1683 ΑΙ)
832 1636 898 1684 LlB.
914 1637 1052 1685 Lxxxlll.

430 1725 549 1790 Eversis
573 1728 686 1812 quippe
710 1739 744 1790 et
768 1729 899 1790 incensis
923 1731 1063 1791 omnibus
1087 1749 1156 1790 cmn
1180 1727 1294 1811 oppido
1321 1725 1428 1806 (Ilios

387 1813 535 1894 Fimbria)
552 1814 734 1892 simulacris,
757 1815 854 1875 solum
880 1815 1025 1878 Minerva
1047 1816 1241 1876 simulacrum
1264 1815 1319 1877 sub
1342 1817 1429 1877 tanta

387 1902 476 1962 ruina
489 1900 598 1985 templi
614 1901 703 1977 illius,
726 1913 762 1963 ut
776 1901 882 1964 scribit
906 1900 1020 1982 Livius,
1046 1903 1197 1984 integrum
1221 1901 1333 1962 stetisse
1356 1921 1425 1982 per-

388 1989 520 2049 hibetur.

419 2037 786 2128 amiseramus.
817 2051 1304 2137 c'rapn.errnrnn.ssppr.resurr.
1334 2067 1422 2116 aar«

387 2135 569 2190 Vallata.
600 2135 1021 2200 Apphcauitnnmmrtt.
1052 2132 1348 2199 cumulassent.

808 2251 856 2300 An
873 2251 931 2300 ua
947 2252 1013 2302 xc1.

432 2341 504 2406 Hoc
529 2347 661 2428 primurn
676 2347 816 2433 proelium
831 2349 912 2412 inter
927 2343 1095 2410 Sertorium
1110 2359 1143 2409 et
1157 2343 1335 2430 Pompeium
1358 2345 1428 2412 luit:

392 2429 500 2491 decem
515 2431 612 2494 millia
626 2433 784 2496 hominum
800 2434 838 2496 de
855 2431 992 2516 Pompeii
1007 2435 1143 2498 exercitu
1153 2433 1265 2498 amissa
1277 2445 1309 2496 et
1322 2431 1426 2496 omnia

389 2516 619 2596 impedimenta,
636 2517 739 2580 Livius
754 2533 863 2582 auctor
878 2533 934 2584 est.

422 2597 731 2660 normsmrnrasr.
764 2603 1130 2673 cr.rrensusrppircr.1s.

795 2736 843 2783 AD
859 2736 925 2787 LlB.
942 2737 1046 2787 xcvn.

430 2815 573 2900 Triginta
587 2824 719 2904 quinque
734 2826 830 2887 millia
845 2842 1030 2891 armatorum
1059 2829 1260 2911 (lugitivorum
1283 2847 1302 2888 a
1316 2824 1429 2887 Crasso

388 2904 588 2988 devictorum)
606 2931 644 2970 eo
659 2912 767 2991 proelio
794 2914 1049 2977 interfectarum
1075 2917 1148 2998 ipsis
1173 2915 1293 2976 ducibus
1321 2912 1430 2991 (Casto

388 3002 421 3053 el
435 2989 574 3057 Gannico
589 2995 636 3057 vel
657 2995 804 3077 Granico)
823 2998 923 3062 livius
939 3002 1044 3077 tradit,
1066 3014 1204 3083 receptas
1221 3000 1348 3083 quinque
1365 2998 1431 3061 Ro-

389 3098 548 3140 manorum
564 3082 690 3161 nlullan,
714 3084 803 3164 signa
826 3107 881 3147 sex
904 3100 937 3149 et
956 3089 1075 3169 viginti,
1102 3088 1197 3150 multa
1218 3086 1326 3169 spolia,
1352 3087 1431 3150 inter

389 3183 455 3244 quae
470 3166 602 3247 quinque
616 3168 713 3229 luscea
729 3191 798 3231 cum
817 3174 984 3236 securibus.

419 3246 525 3300 Frornin.
537 3250 610 3300 Strrt.
624 3265 656 3300 rr.
668 3254 691 3300 5.
699 3255 740 3302 at.
773 3254 847 3302 clad
858 3255 919 3319 Epir.
928 3256 981 3306 Lis.

775 3385 824 3433 AD
841 3386 907 3437 Lus.
921 3388 1041 3437 xcvul.

430 3468 533 3535 Liuius
552 3474 638 3553 dicit,
653 3496 818 3559 numquam
846 3476 1002 3541 Romanos
1018 3481 1105 3561 signa
1119 3502 1187 3547 cum
1203 3483 1339 3545 hostibus
1355 3504 1430 3545 con-

388 3556 492 3619 tulisse
507 3572 595 3621 tanto
609 3582 735 3624 numero
758 3563 934 3627 inferiores:
957 3586 1028 3629 narn
1043 3569 1220 3649 vigesimam
1235 3570 1285 3632 vix
1300 3570 1430 3633 militum

389 3656 518 3725 partem,
533 3647 629 3708 immo
645 3651 804 3727 minorem,
821 3650 912 3713 fuisse
924 3652 1096 3723 victoribus.

422 3724 516 3775 Plania
529 3728 624 3780 Lucullo
632 3749 653 3794 p.
662 3733 720 3779 511.
738 3732 776 3779 nbi
787 3746 929 3781 memoratur
947 3736 1053 3798 proelium
1065 3738 1126 3785 inter
1137 3738 1258 3787 Lucullum
1270 3751 1294 3787 ct
1304 3739 1427 3800 Tigranem

390 3792 416 3839 ad
427 3791 599 3853 'ligrarrocerta
632 3797 669 3843 ct
678 3795 741 3856 Epir.
751 3809 775 3843 et
787 3798 893 3847 Freinsh.
905 3800 985 3862 Suppl.
997 3814 1091 3851 xcvrtr.
1103 3805 1142 3851 49.

434 3857 534 3925 Livius
550 3874 728 3939 auctorest,
743 3865 842 3944 priore
857 3867 965 3947 proelio
995 3866 1047 3946 (ad
1072 3868 1301 3953 Tigranocerta)
1331 3872 1431 3955 plures

390 3942 493 4022 fuisse,
519 3950 550 4010 in
579 3950 637 4011 boc
666 3948 718 4028 (ad
742 3950 905 4032 Artaxata)
938 3954 1102 4016 nobiliores
1128 3956 1260 4019 bostium
1286 3980 1379 4020 caesos
1398 3975 1430 4023 et

390 4044 512 4163 minii).
522 4128 570 4180 ιφ.
585 4118 639 4167 513.
672 4117 710 4167 cr.
722 4117 784 4185 upa.
798 4131 822 4167 a
834 4120 937 4169 erema.
949 4124 1030 4191 Suppt.
1042 4142 1063 4173 c.
1076 4126 1114 4175 rs.

785 4247 833 4297 AD
850 4246 914 4299 LlB.
929 4250 1022 4302 XClX.

434 4324 528 4393 Creta
543 4333 641 4414 primo
654 4338 778 4420 quidem
793 4351 916 4403 centum
934 4342 1041 4408 habuit
1055 4346 1211 4427 civitates;
1231 4348 1312 4411 unde
1329 4344 1432 4411 Heer-

390 4414 535 4498 tompolis
560 4418 642 4484 dicta
657 4434 721 4486 est:
746 4438 818 4507 post
840 4428 956 4511 viginti
976 4440 1123 4514 quatuor:
1147 4432 1228 4515 inde,
1253 4446 1288 4499 ut
1313 4432 1434 4514 dicitur,
