3184 5225
378 348 440 403 510
800 334 1003 397 T1T1L1v11
1060 338 1065 349 “

213 498 290 550 Μ·
304 499 360 551 ⁶⁸5·
384 498 395 533 ‘
410 496 482 562 turi.
504 492 545 557 Et
560 514 613 555 vos
629 490 786 570 Gentium,
802 511 894 573 quam
909 489 1029 568 Persea,
1041 489 1111 553 duci
1122 488 1154 550 in
1165 489 1355 573 triumphurn
1366 512 1435 554 ma*

172 598 175 605 '
216 564 250 617 Δ·
259 562 288 614 ⁰⁶
306 564 362 616 167.
386 585 397 619 ‘
411 582 514 659 vultis,
530 580 674 655 Quirites,
686 588 718 639 et
732 578 771 639 de
782 578 956 639 accessione
971 577 1073 659 potius
1087 576 1172 655 belli,
1183 596 1275 657 quam
1289 577 1327 638 de
1341 578 1438 658 bello,

387 673 398 715 ⁶
413 664 612 749 triumphari?
630 664 672 727 Et
681 665 816 746 legiones
825 685 864 727 ex
876 662 1395 748 lllyricolaureataurbeminibunt,
1405 676 1441 727 et

388 754 535 817 ‘navales
545 752 639 814 socii?
657 750 868 813 Macedonica
876 751 1023 833 legiones,
1033 770 1088 813 suo
1097 750 1257 831 abrogato,
1266 752 1438 833 triumphas

389 846 400 879 ⁴
415 842 531 904 alienos
542 837 747 923 spectabunt?
771 840 796 878 ⁸⁹
808 836 891 907 Quid
906 835 1017 899 deiude
1032 849 1096 899 tarn
1113 837 1224 918 opime
1235 838 1354 918 praedae,
1371 850 1438 900 tarn

390 923 908 1010 ‘opuleutaevictoriaespoliisfiet?
934 923 1438 993 Quonamabdenturillatotmil·

391 1017 400 1048 ‘
416 1016 458 1076 lia
473 1032 638 1091 armorum,
655 1012 792 1073 detracta
814 1010 989 1093 corporibus
1005 1010 1156 1072 hostium?
1181 1030 1221 1072 an
1236 1010 1268 1071 in
1284 1009 1436 1074 Macedo-

390 1103 401 1135 ‘
416 1102 499 1163 niam
510 1098 723 1162 remittentur?
748 1096 819 1168 Quo
831 1099 918 1179 signa
928 1118 1029 1175 aurea,
1040 1117 1220 1174 marmorea,
1233 1098 1372 1176 eburnea,
1385 1110 1437 1160 ta-

391 1188 401 1223 ‘
415 1188 493 1249 bula
504 1188 603 1269 pictae,
613 1184 743 1263 textilia,
752 1196 874 1247 tantum
886 1185 1004 1266 argenti
1014 1184 1122 1261 celati,
1131 1194 1251 1245 tanturn
1259 1184 1332 1261 auri,
1344 1195 1436 1245 tanta

390 1275 400 1307 ‘
415 1274 545 1356 pecunia
559 1271 661 1353 regia?
685 1271 734 1333 An
749 1282 856 1349 noctu,
871 1283 1029 1351 tamquam
1045 1270 1168 1347 furtiua,
1183 1268 1215 1331 in
1228 1271 1363 1331 ararium
1379 1270 1436 1331 de-

391 1362 401 1394 ‘
415 1358 636 1443 portabuntur?
655 1357 736 1427 Quid
745 1358 820 1419 illud
830 1357 1040 1442 spectaculum
1053 1356 1231 1433 maximum,
1244 1355 1440 1417 noblisaimua

390 1448 400 1479 ‘
416 1445 720 1528 opulentissimusque
736 1466 789 1507 rex
804 1458 925 1527 captus,
933 1445 985 1505 ubi
996 1444 1104 1509 victori
1116 1443 1228 1525 populo
1240 1441 1436 1504 ostendetur?

390 1532 500 1602 ‘Quos
524 1529 650 1615 Syphax
665 1551 718 1592 rex
733 1542 851 1613 captus,
874 1530 1008 1593 accessio
1034 1529 1138 1591 Punici
1166 1528 1248 1607 belli,
1273 1548 1439 1591 concursus

391 1620 401 1653 ‘
416 1618 534 1696 feccrit,
546 1618 683 1700 plerique
698 1618 902 1679 meminimus.
937 1616 1062 1678 Perseus
1076 1634 1130 1679 rex
1145 1627 1263 1697 captus,
1278 1614 1437 1698 Philippus

390 1707 401 1740 ‘
417 1715 449 1767 et
463 1704 636 1767 Alexander
651 1704 705 1765 lilii
721 1704 810 1785 regis,
825 1715 914 1765 tanta
927 1704 1063 1780 nomina,
1078 1703 1294 1765 subtrahentur
1304 1701 1438 1764 civitatis

390 1793 401 1826 ‘
417 1791 537 1853 oculis?
557 1789 660 1873 Ipsum
673 1788 709 1852 L.
722 1790 868 1867 Paullum,
878 1791 925 1851 bis
934 1790 1101 1867 consulem,
1110 1789 1293 1851 domitorem
1302 1785 1437 1866 Gracia,
1479 1814 1484 1821 ·

390 1879 553 1939 ‘omnium
569 1878 649 1939 oculi
672 1878 846 1958 conspicere
861 1878 966 1937 urbem
990 1888 1079 1936 curru
1093 1875 1315 1956 ingredientem
1337 1884 1437 1936 arent.

390 1964 400 1995 ‘
415 1963 467 2025 Ad
479 1964 537 2025 hoc
551 1963 678 2026 fecimus
690 1963 857 2038 consulem,
869 1974 905 2023 ut
915 1962 1039 2040 bellurn,
1050 1966 1078 2001 ⁹⁰
1084 1982 1139 2043 per
1146 1960 1377 2042 quadriennium
1387 1961 1437 2022 in-

390 2051 400 2083 ‘
416 2051 500 2131 genti
511 2050 604 2111 etiam
616 2048 731 2130 pudore
741 2059 846 2109 nostro
856 2058 999 2125 tractum,
1007 2047 1177 2131 perficeret.
1187 2048 1236 2109 cui
1246 2048 1352 2109 sortito
1364 2067 1436 2129 pro·

390 2136 558 2213 ‘vinciam,
583 2136 631 2197 cui
654 2134 859 2217 proficiscenti
885 2134 1132 2216 presagientibus
1149 2134 1259 2195 animis
1278 2134 1435 2195 victoriam

390 2222 401 2256 ‘
417 2223 663 2304 triumphumque
676 2221 905 2299 destinavimus,
917 2222 946 2281 ei
957 2221 1063 2283 victori
1076 2221 1265 2303 triumphum
1276 2219 1432 2301 negaturi?

390 2309 401 2340 ‘
416 2320 448 2371 et
463 2309 585 2391 quidem
602 2328 664 2369 nou
676 2307 815 2369 homines
831 2319 963 2385 tanturn,
975 2307 1029 2368 sed
1043 2305 1127 2368 Deos
1137 2306 1232 2369 etiarn
1247 2328 1304 2369 suo
1318 2309 1437 2368 honore

389 2395 400 2429 ‘
415 2394 607 2457 fraudaturi?
631 2392 698 2455 Diis
714 2414 835 2476 quoque
849 2394 942 2470 enirn,
959 2414 1020 2455 non
1036 2394 1133 2455 solum
1148 2393 1364 2478 ⁹¹hominibus,
1378 2393 1436 2455 de·

390 2481 511 2543 ‘batun
557 2478 668 2541 Utrum
684 2480 817 2561 majores
829 2481 920 2542 vestri
934 2480 1070 2542 omnium
1086 2500 1265 2562 magnarum
1281 2468 1380 2541 'rerum
1403 2490 1440 2542 et

389 2567 566 2650 ‘principia
590 2566 687 2628 exorsi
714 2567 752 2628 ab
767 2564 835 2628 Diis
859 2579 940 2646 sunt,
966 2570 993 2606 ⁰²
1003 2578 1037 2629 et
1048 2566 1140 2629 finem
1156 2588 1224 2629 cum
1241 2565 1434 2631 statuerunt?

390 2655 400 2686 ‘
416 2652 546 2732 Consul,
553 2653 758 2736 proficiscens,
770 2666 925 2736 praetorve,
941 2655 1126 2737 ”paludatis
1142 2654 1307 2732 lictoribus,
1319 2655 1351 2716 in
1362 2675 1436 2736 pro·

389 2740 543 2802 ‘vinciam
559 2739 645 2801 etad
660 2739 784 2817 bellum,
799 2753 872 2802 vota
891 2741 922 2802 in
938 2739 1093 2825 Capitolio
1115 2753 1293 2823 nuncupato
1324 2741 1439 2818 victor,

388 2827 588 2910 ‘perpetrato
616 2826 736 2906 eodem,
766 2828 799 2887 in
829 2826 986 2909 Capitolio
1014 2828 1205 2911 triumphans
1238 2828 1277 2888 ad
1294 2827 1437 2888 'eoadem

389 2910 508 2990 ‘Deos,
528 2914 636 2994 quibus
650 2924 724 2975 vota
737 2914 933 2995 nuncupavit,
949 2915 1059 2976 merita
1078 2916 1160 2978 dona
1178 2913 1282 2996 populi
1298 2911 1434 2974 Romani

388 2999 558 3062 ‘traducit
589 3019 658 3083 pars
681 3021 743 3062 non
771 3002 900 3062 minima
925 3001 1070 3082 triumphi
1097 3013 1143 3064 est
1167 2999 1293 3062 victima
1315 3017 1435 3081 prece-

388 3083 521 3148 ‘dentes
530 3109 540 3163 ;
564 3096 598 3147 ut
612 3087 768 3170 adpareat,
791 3087 859 3149 Diis
873 3099 975 3168 grates
990 3100 1132 3169 agentem
1157 3089 1368 3168 imperatorem
1391 3085 1437 3146 ob

388 3173 631 3256 ‘rempublicam
660 3174 736 3236 bena
756 3184 876 3255 gestam
903 3174 1010 3235 redire.
1054 3174 1170 3238 Omnes
1193 3173 1260 3235 illas
1281 3172 1438 3250 victimas,

388 3259 518 3340 ‘⁹⁴quas
528 3260 1207 3343 traducendasintriumphovindlcarit‚alias
1217 3258 1439 3337 aliocaedente,

387 3347 398 3390 ‘·
412 3358 558 3409 mactate.
576 3347 643 3408 illas
659 3348 781 3428 quidem
797 3348 902 3430 epulas
916 3359 1051 3426 senatus,
1066 3368 1132 3431 quse
1147 3367 1205 3410 nec
1220 3347 1338 3429 privato
1353 3346 1438 3422 loeo,

387 3433 468 3493 ‘nec
495 3433 618 3515 publico
645 3433 786 3516 profano,
811 3435 865 3495 sed
888 3435 920 3503 in
948 3432 1104 3516 Capitolio
1126 3432 1269 3512 eduntur,
1291 3415 1436 3494 ”utrufn

387 3519 397 3550 ‘
412 3517 570 3580 hominurn
581 3519 744 3601 voluptatis
755 3541 872 3598 caussa,
879 3540 917 3581 au
926 3517 1064 3581 Deorum
1074 3521 1302 3602 hominumque,
1311 3532 1438 3582 auctore

386 3603 397 3672 f
412 3600 479 3666 Ser.
494 3602 603 3685 Galba,
619 3605 766 3670 turbaturi
781 3605 873 3668 estis?
899 3604 934 3668 L.
950 3604 1046 3668 Paulli
1059 3607 1216 3690 triumpho
1238 3619 1336 3688 porta
1350 3605 1435 3668 clau-

417 3718 605 3832 8ῗθηίὶιιίὀᾲεἰπιιὶι
614 3723 742 3832 tumhppime
750 3721 894 3798 prodestque
925 3722 1013 3779 novius,
1028 3723 1149 3784 paludatus
1163 3739 1215 3772 cusa
1231 3723 1350 3770 lictoribus
1381 3721 1439 3770 Vrd.

384 3793 490 3898 3:10de
506 3794 698 3900 gpgqrtopiutspvmtpl
705 3785 785 3911 {iiiii
802 3785 894 3911 iwrio
924 3787 1251 3906 ῃοὶὕὲἑιιιιῗίιταὶᾜιηὲαέἳὲι
1267 3851 1442 3912 triumphantia·

384 3915 532 3991 quomodoet
548 3914 732 3992 dedit'Slgonius
750 3914 774 3962 in
791 3915 891 3965 ediuone
924 3917 1017 3994 dicent]
1041 3917 1130 3966 Vitium
1152 3917 1308 3966 manifestum.
1343 3914 1438 3966 Grono-

382 3981 685 4107 zeiilia’Prrermqeuaiilii'iririiiiiur]
708 4043 759 4093 lnro
769 4060 808 4105 per
820 4047 890 4094 trien-
923 3982 1442 4108 ppprhl‘eppppqorpnppnqppqrdpppqpaffi

379 4109 476 4220 miin'pp
486 4109 664 4224 Vid3bnot2epeq
675 4127 695 4159 c.
706 4110 824 4222 llisitp'lrs.
924 4111 1071 4226 int‘qlligatpar¹
1079 4111 1170 4190 Paullm
1188 4113 1349 4225 victimapepon
1365 4111 1439 4158 ruodo

446 4193 450 4198 “
474 4191 486 4220 0
680 4199 699 4223 ’.
787 4192 794 4219 l
877 4202 888 4213 ι
1424 4202 1435 4216 ι

371 4237 442 4301 joret]
461 4191 540 4287 soiiii
552 4191 605 4288 iim
618 4193 751 4288 Groirovio:
773 4192 824 4286 Diis
833 4191 886 4303 qii.
920 4187 1116 4291 {pnpaqepcmm
1137 4178 1262 4259 tnump'ho'
1334 4187 1358 4223 et
1373 4190 1424 4239 1³1²

377 4318 418 4380 quc
435 4306 501 4360 eninr,
515 4321 558 4352 noa
573 4306 641 4383 epium
659 4306 781 4382 horninibus
796 4305 886 4353 debetur
949 4308 971 4343 ⁹⁵
991 4305 1073 4355 Utrum
1088 4309 1199 4386 hoprinuss
1239 4307 1357 4368 rulrrptntis
1374 4321 1443 4384 onum

376 4369 772 4496 tlnpmrgrprphmgfipppps'pppppffl]
791 4435 885 4501 Nempe
917 4371 1437 4497 ginwrid‘liishovi'il'gtffldFfflsiiaeclezlge

376 4497 441 4546 deos.
917 4501 1040 4564 ponimus:
1058 4519 1102 4550 non
1112 4501 1223 4552 bominum
1231 4503 1351 4564 uoluptatis
1360 4517 1440 4564 coum,

408 4564 429 4598 Ν
445 4559 562 4611 Poludutr's
569 4563 688 4628 lictoribus]
700 4563 813 4616 Emendat
824 4569 884 4618 oro·
917 4569 952 4615 ted
963 4569 1051 4618 deorum
1061 4568 1155 4618 honoris.
