3184 5225
397 355 439 413 70
807 348 890 406 ΤῙΊῚ
910 347 1011 404 LlVII

230 506 374 568 ΜΕΝ·
400 505 583 581 ‘subierim
597 504 649 585 qai
671 523 738 563 sum
760 501 851 562 nmis
871 501 1039 576 lacessitus,
1055 499 1148 578 qnid·
1164 509 1267 581 pmtest
1288 501 1372 580 queri
1393 500 1452 564 sabi

235 575 268 624 Α·
279 573 310 627 ⁶·
320 575 377 626 ¹²¹·
401 591 414 631 ‘·
429 587 585 666 accidisse,
595 592 647 669 qui
657 607 766 648 caussa
774 587 845 648 belli
856 586 932 648 fuit?
956 584 1028 646 Non
1039 605 1109 646 sum·
1118 585 1227 646 eodem
1239 585 1332 646 modo
1343 585 1452 648 docn-

403 676 413 710 ‘
427 695 525 753 surus,
534 674 675 750 Romani,
687 673 770 754 qnod
779 671 918 753 Dolopas
931 673 1021 732 nmis
1034 671 1239 732 coercuerim:
1261 671 1344 751 quia,
1360 675 1385 717 ³⁷
1391 673 1450 734 etsi

403 764 415 796 ‘
428 782 491 823 non
505 760 616 822 merito
629 780 745 835 eorum,
756 757 825 839 jure
840 759 898 819 feci
914 779 998 834 me03
1015 777 1108 837 quum
1124 757 1184 818 mei
1199 758 1297 838 regni,
1309 777 1385 818 msae
1400 758 1450 819 di-

404 847 521 906 ‘tionis
538 858 655 923 essent,
668 857 768 905 vestro
791 844 1007 925 decretopatri
1031 842 1176 904 adtributi
1194 863 1275 904 meo.
1329 841 1408 920 Nec,
1419 844 1450 903 si

405 933 537 993 ‘caussa
550 931 706 993 reddenda
717 932 768 1007 sit,
781 951 842 991 non
852 931 949 1007 uobis,
964 950 1020 992 nec
1034 929 1201 1005 foederatis,
1212 929 1267 989 sed
1282 929 1329 1005 iis,
1342 930 1394 1010 qui
1409 951 1451 990 ne

404 1017 462 1077 ‘in
484 1037 585 1079 servos
600 1018 723 1097 quidem
747 1037 825 1077 seva
845 1027 937 1096 atque
949 1014 1065 1094 injusta
1078 1015 1209 1094 imperia
1218 1015 1364 1096 probant,
1379 1016 1450 1096 plus

403 1102 515 1182 ‘aequo
529 1115 561 1164 et
575 1104 658 1164 bono
672 1103 789 1163 unisse
809 1102 840 1161 in
855 1123 907 1162 eos
922 1100 1016 1161 videri
1032 1119 1165 1180 possiun.
1182 1101 1292 1181 quippe
1308 1099 1449 1182 Euplua-

404 1188 548 1264 ‘norem,
563 1188 738 1269 praefectum
761 1209 780 1246 a
800 1207 849 1246 me
864 1186 1041 1265 inpositum,
1057 1185 1101 1245 ita
1115 1185 1300 1262 occiderunt,
1315 1199 1349 1246 ut
1364 1207 1450 1248 mors

403 1272 414 1304 ‘
428 1264 586 1353 plenarum
602 1271 667 1352 ejus
682 1272 834 1332 levissime
848 1269 958 1332 fuerit!

446 1355 544 1418 Xhll.
569 1358 643 1435 ‘Aa
654 1377 748 1436 quum
761 1356 974 1438 processissem
990 1357 1061 1417 inde
1077 1357 1117 1417 ad
1132 1355 1272 1418 visendas
1284 1355 1450 1437 Larissam,

403 1442 414 1474 ‘
428 1453 462 1504 et
471 1442 622 1519 Antrum
633 1456 666 1503 et
676 1440 862 1525 ⁸⁸Pylleon‚‘
872 1462 932 1524 qno
944 1443 977 1502 in
987 1443 1157 1523 propinquo
1168 1442 1266 1503 multo
1277 1457 1350 1504 ante
1362 1443 1451 1504 debi-

404 1528 463 1595 ‘ta
483 1540 558 1599 vota,
574 1528 787 1610 persolverem,
803 1526 940 1609 Delphos
954 1527 1145 1589 sacrificandi
1160 1549 1266 1588 cauam
1289 1529 1449 1592 adscendi.

404 1612 470 1675 ‘Et
484 1610 545 1691 hic,
561 1613 696 1675 criminis
711 1613 841 1694 angerrdi
858 1633 975 1692 caussa,
987 1635 1057 1676 cum
1072 1614 1208 1676 exercitu
1222 1635 1273 1676 me
1284 1615 1376 1676 luisse
1392 1616 1448 1677 ad-

403 1699 415 1732 ‘
426 1698 552 1779 jicitur„
579 1697 717 1777 Scilicet,
728 1712 774 1776 ut,
786 1700 869 1780 quod
884 1719 964 1762 nunc
979 1721 1032 1761 vos
1046 1700 1146 1762 facere
1158 1719 1278 1780 queror,
1287 1702 1376 1762 urbes
1390 1723 1447 1763 oe-

402 1783 413 1817 ‘
428 1804 581 1866 eupmem,
597 1786 715 1846 arcibus
730 1786 906 1866 inponerem
922 1786 1070 1867 prasidio.
1100 1783 1219 1846 Vocate
1234 1787 1266 1846 in
1281 1787 1446 1849 concilium

403 1868 555 1932 ‘Graecia
574 1871 722 1947 ciuitates,
738 1892 794 1952 per
813 1891 887 1953 quas
908 1872 965 1933 iter
986 1872 1060 1948 feci3
1084 1881 1226 1952 queretur
1239 1873 1448 1953 unusquilibet

403 1956 413 1987 ‘
427 1956 534 2018 militis
541 1958 606 2020 mei
617 1954 759 2038 injuriam
766 1981 776 2034 3
792 1978 854 2018 non
867 1958 1021 2033 recusabo,
1034 1958 1119 2038 quin,
1129 1957 1274 2020 simulato
1284 1958 1449 2037 sacrificio,

401 2040 512 2102 ‘aliud
527 2043 638 2123 petisse
652 2043 765 2119 videar.
800 2037 916 2104 AEtolis
931 2054 962 2104 et
973 2041 1130 2125 Byzantiis
1145 2044 1284 2126 praesidia
1296 2044 1447 2126 misimus,

402 2125 413 2157 ‘
426 2143 540 2188 etcum
549 2125 668 2190 Boeotis
680 2129 848 2190 urnicitiam
860 2127 997 2190 fecimus.
1027 2127 1112 2206 Haec,
1122 2131 1352 2212 qualiacumque
1362 2144 1447 2208 sunt,

402 2210 413 2241 ‘
427 2232 481 2291 per
490 2212 608 2293 legatos
618 2234 704 2275 meos
714 2213 886 2276 non'solum
896 2215 1039 2290 indicata,
1050 2216 1207 2277 sedetiam
1220 2230 1363 2278 excusata
1373 2231 1446 2279 sunt

401 2294 413 2329 ‘
426 2317 506 2379 saepe
517 2298 549 2359 in
560 2312 669 2361 senatu
678 2312 793 2361 vestro:
810 2301 862 2361 ubi
874 2301 1060 2381 aliquosego
1069 2301 1296 2383 disceptatores,
1304 2323 1367 2364 non
1380 2315 1446 2364 tam

401 2381 412 2413 ‘
426 2400 540 2461 equos,
554 2404 647 2463 quam
661 2397 703 2459 te,
719 2385 758 2454 Q.
774 2385 886 2462 Marci,
900 2398 1060 2466 paternum
1081 2389 1214 2450 amicum
1234 2403 1266 2450 et
1279 2390 1446 2470 hospitem,

401 2466 412 2499 ‘
427 2467 587 2529 habebam.
617 2467 679 2530 Sed
687 2471 823 2532 nondum
833 2469 964 2532 Romam
976 2469 1134 2535 aceruator
1145 2471 1294 2536 Eumenes
1303 2485 1446 2551 venerat3

401 2550 478 2632 ‘qui
493 2552 708 2616 calumniando
727 2557 832 2617 omnis
846 2557 1117 2639 detorquendoque
1138 2572 1279 2641 suspecte
1295 2571 1327 2620 et
1348 2559 1446 2621 iusim

400 2635 411 2667 ‘
426 2638 569 2715 efficeret,
578 2651 611 2699 et
620 2642 802 2720 persuadere
813 2644 897 2704 vobis
909 2656 1079 2721 comreeur,
1090 2664 1151 2707 non
1161 2644 1398 2726 posseGraeciam
1410 2645 1444 2705 in
1496 2704 1502 2713 ,

400 2721 411 2754 ‘
426 2721 567 2785 libertate
581 2746 657 2802 esee,
668 2737 702 2787 et
711 2740 812 2789 vestro
828 2749 952 2791 munere
964 2729 1032 2808 frui,
1044 2730 1143 2811 quoad
1155 2750 1281 2811 regnum
1293 2728 1444 2791 Macedo-

399 2806 412 2839 ‘
425 2807 483 2869 nise
497 2809 650 2871 incolume
664 2825 754 2875 esset
791 2813 1023 2895 Circumagetur
1038 2816 1087 2877 hic
1103 2816 1196 2877 orbis:
1219 2816 1278 2876 erit
1291 2836 1375 2891 mox,
1390 2816 1443 2895 qui

399 2892 411 2924 ‘
425 2907 544 2973 arguat,
554 2897 768 2978 nequidquam
778 2899 967 2963 Antiochum
977 2899 1267 2982 ³⁹nltrajnga'lhuri
1278 2910 1442 2961 remotum:

398 2977 593 3058 ‘graviorem
616 2983 714 3045 multo
735 2985 826 3063 Asiae,
850 3006 942 3066 quarn
961 2986 1131 3049 Antiochus
1149 2986 1249 3062 fuerit,
1271 2985 1442 3047 Eumenem

400 3063 411 3095 ‘
425 3084 506 3125 esse:
522 3086 579 3127 nee
592 3070 804 3149 conquiescere
816 3073 914 3133 socios
925 3084 1041 3134 vestros
1053 3094 1151 3155 posse,
1162 3072 1262 3154 quoad
1274 3072 1358 3151 regia
1366 3070 1442 3132 Per-

399 3150 410 3182 ‘
424 3152 570 3229 ganisis.
583 3173 651 3215 eam
663 3175 764 3217 arcem
779 3175 872 3237 supra
886 3160 990 3239 capito
1002 3159 1197 3220 finitimarum
1208 3158 1376 3219 ciuitatium
1392 3158 1444 3219 iu-

399 3235 410 3267 ‘
423 3236 567 3317 positam.
602 3238 670 3320 Ego
681 3241 756 3319 haec,
767 3241 807 3311 Q.
817 3240 915 3305 Marci
928 3256 960 3306 et
971 3243 1009 3305 A.
1019 3244 1105 3321 Atili,
1117 3266 1182 3325 qnae
1193 3255 1246 3305 aut
1258 3265 1276 3304 a
1286 3244 1373 3305 vobis
1385 3245 1443 3305 ob-

398 3318 517 3401 ‘jccta
532 3337 585 3387 aut
604 3338 735 3407 purgata
757 3349 776 3388 a
797 3348 846 3390 me
867 3330 1038 3405 sanqualis
1060 3350 1124 3391 esse
1145 3330 1221 3407 scio,
1240 3340 1276 3391 ut
1295 3349 1393 3408 aures,
1407 3341 1445 3391 ut

399 3406 519 3469 ‘animi
541 3411 729 3475 audientium
749 3414 828 3475 sint:
852 3436 909 3476 nec
924 3426 988 3477 tam
1004 3416 1125 3493 referre,
1140 3416 1213 3498 quid
1227 3436 1296 3497 ego,
1311 3428 1364 3477 aut
1379 3436 1442 3495 qua

399 3491 528 3555 ‘mente
551 3495 685 3575 stcerirn,
706 3518 797 3578 quam
822 3501 975 3581 quomodo
1000 3501 1031 3561 id
1054 3523 1108 3563 vos
1132 3501 1247 3563 lactum
1272 3500 1446 3582 accipietis.

398 3577 409 3610 ‘
422 3575 574 3655 Conscius
589 3583 665 3643 mihi
678 3604 757 3661 sum,
769 3585 844 3645 nihil
857 3607 905 3648 me
917 3588 1066 3649 scientem
1078 3587 1257 3667 deliquisse:
1274 3601 1316 3664 et,
1327 3588 1352 3647 si
1365 3587 1442 3666 quid

398 3662 409 3695 ‘
423 3663 546 3728 feceriru
560 3666 755 3748 inprudentia
769 3669 879 3751 lapsus,
893 3672 1004 3753 corrigi
1020 3694 1068 3734 me
1090 3685 1123 3735 et
1136 3674 1292 3735 emendari
1307 3672 1444 3753 castiga·

374 3788 378 3796 -
397 3746 408 3779 ‘
422 3749 505 3811 tione
516 3751 574 3812 hae
585 3773 685 3834 posse.
716 3752 803 3817 Nihil
815 3769 897 3819 certe
909 3758 1086 3837 insanabile,
1096 3760 1244 3842 necquod
1254 3758 1334 3820 bello
1344 3769 1379 3819 et
1388 3778 1443 3819 ar-

397 3834 408 3866 ‘
421 3836 479 3897 mis
492 3840 733 3919 persequendum
747 3862 813 3903 esse
829 3845 987 3921 censeatis,
999 3847 1153 3907 commin:
1178 3855 1234 3905 atu
1249 3846 1360 3921 frustra
1374 3844 1441 3905 cle-

382 3919 407 3966 ·‘
422 3923 544 3984 mentioe
557 3925 772 4005 grauimtisque
785 3940 893 3989 vestrae
907 3928 989 3991 fama
1003 3930 1129 4011 vulgata
1140 3950 1194 4011 per
1215 3942 1322 4012 gentes
1339 3942 1398 4009 est,
1412 3930 1441 3991 si

531 4044 748 4105 mucronem.
813 4046 933 4096 ‘Pteleum
943 4048 1016 4099 Doer.
1081 4050 1306 4101 ”mttGron.Crev.

426 4126 529 4179 ⁹⁷*Eni
544 4148 588 4181 non
603 4138 680 4184 mrito
694 4134 779 4197 eornm]
803 4134 899 4185 unumst
931 4139 1048 4187 utricinsc
1062 4140 1132 4189 urbes
1146 4144 1322 4206 conjunguntur.
1356 4138 1441 4201 ltaque

393 4196 544 4272 caederem
559 4197 610 4245 ino·
625 4215 672 4249 non
688 4203 836 4251 memiseeea
846 4218 899 4265 quse
930 4204 1442 4280 cenaconnnhniceraendninriaucrcrirap.

391 4270 897 4400 ¹'⁸³⁸⁸'illidetur]laegir'l‘urnebruPteleonerr
930 4268 1441 4399 Lidlnliririuldruelaebbbllmzuwdd'ldnblilil

392 4384 897 4459 Hmncuunomyxmoennpa.
930 4398 1058 4447 canona
1079 4400 1106 4447 n
1123 4416 1144 4448 e.
1167 4402 1207 4448 so.
1222 4400 1291 4462 suin
1307 4398 1366 4447 nra
1381 4398 1440 4450 us.

390 4467 431 4512 n,
441 4452 746 4528 hilmrnqbncxmlm.
768 4460 896 4522 Intraque·
928 4464 1230 4526 malamina-¹13.
1246 4477 1270 4512 er
1286 4463 1303 4510 l.
1319 4474 1441 4517 xxxvan.

391 4518 793 4584 caecabujoelibmdunmet
801 4523 897 4575 Ptelm
928 4542 949 4576 c.
959 4530 999 4577 53.
1009 4539 1034 4577 er
1042 4526 1129 4591 aliquot
1139 4525 1189 4577 aliia
1200 4528 1224 4577 ia
1234 4527 1297 4578 lacn.
