3184 5225
520 338 599 399 Lm.
610 336 709 399 xm.
727 338 813 401 off.
825 340 941 403 XXVI.
1191 353 1245 411 ms

188 505 268 557 seut.
314 491 460 555 ‘Vid'use
483 514 517 555 se
532 514 586 575 per
611 514 717 555 omnes
734 495 822 555 urbes
844 492 1054 559 Macedonum
1076 500 1240 562 muman
1256 507 1398 623 ucaotp

189 581 316 664 ‘parari
333 580 456 641 bellum.
498 578 600 650 Quum
627 580 667 641 ad
681 600 784 661 regem
809 581 1026 661 pervenissent,
1048 601 1104 663 per
1126 586 1240 649 multos
1253 572 1395 637 Μ’·Ῑῖ·

190 668 279 729 ‘dies
305 664 507 729 conveniendi
523 664 588 747 ejus
613 676 796 747 potestatem
819 686 882 727 uon
906 666 1056 729 factamr.
1072 677 1239 753 postremo,
1442 670 1448 687 '

193 755 205 791 ‘
221 773 312 833 quum
326 752 491 833 desperato
501 750 568 832 jam
583 751 746 831 conloquio
762 751 892 832 profecti
907 765 1019 831 essent,
1033 763 1099 815 tum
1115 754 1238 824 demum

191 839 248 899 ‘ae
261 858 302 899 ex
316 838 426 899 itinere
449 847 618 913 revocatos,
633 847 665 897 et
685 836 726 897 ad
740 856 811 897 eum
833 838 1026 916 introductus
1047 860 1123 902 esse.
1169 838 1239 905 Sim

193 926 203 958 ‘
218 922 366 985 orationis
380 943 531 985 summam
546 922 657 997 luisse3
681 921 789 999 foedus,
804 943 875 983 eum
891 920 1033 1016 Philippo
1047 925 1155 1003 ictum,
1169 946 1239 991 curn

195 1010 285 1091 ‘ipso
300 1028 339 1070 eo
353 1018 567 1091 postmortem
583 1006 678 1089 patris
694 1019 893 1069 renovatum:
917 1009 1024 1089 inquo
1039 1008 1153 1073 diserte
1167 1033 1239 1094 pro·

194 1094 315 1157 ‘hiberi
333 1116 414 1172 eum,
437 1105 525 1171 entra
539 1093 613 1155 fines
629 1113 714 1153 arma
728 1092 833 1154 efferre
845 1115 855 1170 3
886 1094 1053 1175 prohiberi,
1067 1098 1168 1157 socios
1182 1119 1238 1179 po-

192 1182 202 1214 ‘
218 1181 281 1261 puli
298 1180 431 1241 Romani
447 1180 594 1241 lacessere
609 1178 701 1240 bello.
733 1176 883 1261 Exposita
897 1178 1007 1241 deinde
1021 1182 1061 1241 ab
1075 1202 1109 1241 se
1123 1184 1241 1263 ordine,

193 1267 285 1347 ‘quae
299 1267 357 1348 ipsi
372 1287 468 1348 nuper
484 1266 515 1327 in
531 1279 639 1327 senatu
654 1262 823 1325 Eumenem
833 1286 905 1329 vera
918 1265 1024 1327 omnia
1034 1278 1068 1328 et
1082 1280 1241 1349 comperta

193 1352 401 1437 ‘referentem
425 1351 590 1413 audissent.
634 1348 861 1411 Samothracae¹
887 1361 1035 1431 praetereo
1056 1353 1250 1433 permultos

194 1437 204 1471 ‘
221 1438 283 1499 dies
297 1438 454 1501 occultum
480 1437 639 1499 consilium
656 1457 724 1497 curn
740 1436 944 1517 legationibus
969 1437 1137 1499 eivitatium
1159 1437 1241 1501 Asiae

196 1524 322 1604 ‘regern
338 1524 489 1585 habuisse.
535 1520 593 1583 Pro
609 1522 656 1583 his
671 1520 788 1602 injuriis
803 1521 953 1600 satisfieri,
967 1539 1108 1585 senatum
1121 1543 1240 1605 aequum

195 1608 352 1686 ‘censere,
368 1608 513 1691 reddique
540 1607 597 1669 sibi
621 1628 668 1668 res
692 1608 842 1689 sociisque
864 1609 938 1685 suis,
961 1629 1035 1689 quas
1060 1621 1168 1671 eontra
1188 1608 1243 1690 jus

192 1692 340 1755 ‘foederis
356 1695 477 1755 habeat.
521 1692 639 1773 Regem
663 1692 703 1754 ad
718 1714 755 1754 es
779 1694 879 1775 primo
899 1715 1059 1755 accensum
1074 1696 1120 1755 ira
1141 1695 1238 1756 inole-

192 1779 338 1841 ‘menter
352 1781 501 1857 locutum,
527 1779 684 1841 avaritiam
709 1780 940 1861 superbiamque
957 1778 1105 1842 Romanis
1127 1778 1238 1861 objici-

192 1864 322 1927 ‘eutem
337 1864 529 1945 frequenter:
551 1862 634 1947 quod
646 1864 698 1925 alii
712 1884 802 1945 super
816 1865 894 1927 alios
909 1866 1003 1946 legati
1017 1866 1154 1927 venirent
1166 1887 1238 1949 spe-

192 1951 314 2011 ‘culari
331 1950 415 2013 dicta
435 1951 577 2031 factaque
593 1970 658 2026 sua,
673 1950 755 2029 quod
776 1972 809 2011 se
832 1951 872 2012 ad
890 1962 998 2012 nutum
1018 1951 1239 2032 imperiumque

191 2035 324 2097 ‘eorum
338 2038 444 2099 omnia
459 2038 559 2099 dicere
574 2056 611 2097 au
627 2036 727 2097 lacere
741 2041 859 2117 aequum
877 2050 1044 2099 censerent.
1071 2034 1240 2114 Postremo,

190 2120 349 2183 ‘multum
376 2144 412 2185 ac
437 2122 491 2183 diu
513 2122 721 2199 vociferatum,
748 2123 859 2184 reverti
884 2133 1007 2203 postero
1034 2122 1084 2183 die
1102 2121 1241 2202 jussisse.

190 2206 365 2289 ‘seriptum
387 2230 420 2269 se
445 2226 622 2291 responsum
637 2206 813 2269 darevalle.
848 2206 930 2269 Tum
943 2207 988 2267 ita
1011 2206 1068 2267 sibi
1093 2206 1239 2288 scriptum

191 2292 203 2325 ‘
219 2294 367 2355 traditum
381 2314 467 2355 esse:
503 2292 624 2370 Foedus,
640 2313 710 2353 curn
733 2305 820 2373 patre
836 2293 943 2369 ictum,
963 2291 1051 2352 adse
1071 2291 1148 2351 nihil
1169 2312 1239 2373 per-

196 2377 207 2410 ‘
222 2378 331 2439 tinere.
375 2377 410 2441 Id
423 2400 456 2441 se
470 2379 616 2455 renovari,
628 2398 691 2439 non
707 2378 779 2457 quia
793 2378 946 2459 probaret,
962 2376 1017 2437 sed
1028 2377 1099 2458 quia
1113 2372 1241 2437 innova

196 2462 208 2495 ‘
222 2464 413 2544 possessione
426 2464 508 2545 regni
520 2462 668 2545 patienda
681 2462 785 2523 omnia
797 2474 910 2539 essent,
921 2482 1053 2543 passum.
1077 2458 1110 2521 Si
1125 2482 1238 2523 norum

195 2548 207 2582 ‘
221 2550 321 2614 foedus
332 2569 433 2609 secum
446 2550 546 2612 fecere
556 2549 681 2627 vellent,
693 2548 853 2609 convenire
863 2547 948 2629 prius
957 2547 996 2607 de
1011 2547 1239 2609 conditionibus

192 2635 350 2698 ‘deberet
383 2646 425 2712 et,
441 2636 465 2696 si
488 2637 520 2698 in
540 2636 677 2696 animum
697 2634 886 2710 inducerent,
907 2645 942 2694 ut
966 2655 1004 2694 ex
1030 2653 1116 2714 aequo
1138 2633 1239 2715 foedus

189 2720 311 2798 ‘fieret
326 2731 406 2782 etse
422 2721 561 2798 visurum,
578 2721 650 2802 quid
665 2719 722 2780 sibi
739 2719 915 2781 faciundum
929 2727 1019 2796 esset,
1034 2731 1065 2780 et
1080 2718 1147 2780 illos
1171 2740 1238 2781 cre·

189 2805 201 2842 ‘
215 2805 289 2868 dere
304 2806 477 2889 reipublicae
488 2807 688 2868 consulturos.
709 2803 811 2885 Atque
822 2805 867 2867 ita
876 2826 909 2866 se
918 2805 1111 2887 proripuisse,
1123 2816 1154 2866 et
1166 2806 1239 2866 sub-

188 2892 200 2926 ‘
214 2893 444 2974 moverieregie
453 2904 695 2974 omnes-coeptos.
709 2887 790 2952 Tum
800 2889 1008 2974 seamicitiam
1017 2902 1049 2952 et
1058 2885 1238 2952 societatem

186 2976 1238 3059 ‘renunciassequavoceeumaccensumrestitisse,atquevoceclara
1269 3022 1274 3031 .

187 3064 416 3126 ‘denunciasse
431 3064 500 3142 sibi,
514 3075 549 3124 ut
564 3063 664 3125 triduo
680 3063 765 3142 regni
782 3062 829 3122 sui
844 3061 1030 3123 decederent
1043 3061 1164 3123 finibus.
1187 3059 1237 3122 lta

188 3149 249 3211 ‘se
272 3149 426 3230 profectos
442 3172 449 3210 :
472 3170 530 3210 nec
545 3149 614 3227 sibi,
637 3151 663 3187 ³⁰
675 3159 729 3224 eut
742 3147 944 3224 venientibus,
957 3157 1011 3209 aut
1031 3146 1241 3223 manentibus,

189 3234 383 3314 ‘quidquem
403 3235 593 3316 hospitaliter
613 3245 666 3296 aut
685 3235 815 3314 benigue
835 3231 971 3294 factum!
1014 3227 1155 3292 Thessali
1179 3231 1238 3293 de-

192 3318 265 3380 inde
273 3317 429 3402 AEtolique
438 3321 531 3402 legati
542 3319 647 3383 auditi.
671 3317 808 3396 Senatui,
818 3330 853 3378 ut
864 3319 977 3378 scirent
986 3337 1079 3398 quarn
1090 3316 1237 3398 primum,

190 3405 299 3485 quibus
314 3406 439 3468 ducibus
454 3427 544 3468 usura
558 3406 728 3488 respublica
742 3413 832 3479 esset,
848 3402 950 3463 literas
965 3401 1046 3463 mitti
1061 3400 1233 3463 consulibus

186 3491 313 3573 placuit,
340 3503 384 3570 ut,
414 3503 482 3554 uter
508 3511 612 3554 eorum
638 3494 662 3530 ⁸¹
678 3499 792 3573 posset,
816 3485 949 3550 Romam
973 3487 1011 3548 ad
1038 3487 1234 3569 magistratus

108 3583 112 3592 “
184 3578 336 3638 creandos
350 3579 477 3640 veniret.
568 3625 576 3632 .
1224 3630 1232 3640 .

155 3707 167 3720 .
228 3659 351 3724 XXVI.
384 3661 476 3742 Nihil
496 3683 691 3746 magnopere,
718 3661 801 3743 quod
825 3653 988 3732 memorari
1018 3654 1165 3740 adtineat,
1190 3662 1233 3724 rei

185 3747 318 3829 publices
332 3769 375 3810 eo·
385 3768 466 3810 anno
481 3749 622 3811 consules
635 3759 802 3830 gesserant.
823 3747 921 3827 magis
935 3766 953 3806 e
967 3746 1123 3828 republica
1136 3747 1233 3808 visum

185 3843 266 3909 erat,
278 3835 440 3916 comprimi
455 3855 492 3895 ac
506 3835 606 3912 sedari
621 3845 816 3916 exasperatos
829 3831 965 3913 Ligures.
1008 3829 1109 3900 Quum
1126 3829 1233 3893 Mace·
1246 3854 1383 3902 Gmomst

189 3917 335 3979 donicum
357 3919 468 3982 bellum
494 3929 730 4001 exspectaretur,
756 3915 901 3980 Gentium
922 3937 1041 3999 quoque
1066 3915 1373 4000 lllyriorumtmndbu·

1245 3985 1327 4034 mmo
1341 3981 1400 4033 imi·

189 4021 295 4084 regern
311 4017 484 4086 suspectum
497 4003 629 4066 Issenses
641 4004 734 4086 legati
750 4004 908 4066 fecerunt:
932 4002 1021 4062 simul
1037 4004 1147 4082 questi,
1158 4002 1233 4066 fines
1244 4052 1352 4103 mm

187 4107 260 4148 suos
272 4090 407 4152 secundo
418 4090 609 4172 populatum,
621 4091 710 4151 simul
721 4090 913 4166 nunciantes,
928 4088 1011 4148 ‘uno
1023 4089 1125 4150 animo
1135 4090 1234 4152 vivere

186 4171 425 4238 ‘Macedonum
451 4189 543 4258 atque
568 4174 738 4258 lllyriorum
763 4195 885 4256 regem:
923 4176 1076 4236 communi
1105 4176 1235 4238 consilio

517 4295 521 4302 ’
542 4303 554 4330 ²
565 4297 717 4346 Sarmthraciae
728 4295 802 4344 Grau.
813 4293 883 4368 Cret·

217 4401 244 4437 ⁸⁰
263 4403 312 4452 Aur
332 4406 474 4463 mormius,
492 4413 533 4452 aar
553 4401 698 4465 mauritio]
728 4401 1117 4459 summmsmumaau.

187 4465 258 4517 Huc
273 4469 399 4518 lectionem
416 4469 507 4518 induxit
519 4468 626 4528 Sigonius
643 4466 697 4514 ns
761 4466 783 4500 ⁸¹
810 4465 894 4530 Ponet]
926 4466 980 4518 llos
1004 4483 1019 4514 a
1047 4467 1165 4518 omorio
1191 4479 1238 4522 m.

186 4533 414 4586 mbelloobserurus.
429 4534 504 4586 Vetus
523 4533 594 4590 eodm
612 4531 701 4588 habuit,
729 4530 864 4581 bium·
