3184 5225
710 255 723 292 Ι

314 285 385 388 ἰο
754 321 960 382 rrumvu

180 485 323 539 unilt.
344 483 418 544 dum
441 480 592 542 incautius
615 487 686 538 ante
709 477 798 558 signa
818 477 1004 552 obversatur,
1018 471 1126 536 missili
1146 470 1289 557 trajectus
1306 473 1389 536 ceci·

179 550 249 600 Μ·
266 550 320 604 ¹⁷⁶·
344 567 401 631 dit.
444 564 512 628 Nec
527 567 630 627 hostes
644 564 754 624 ducem
772 562 907 622 occisum
922 574 1100 638 senserunt3
1127 573 1160 622 et
1175 581 1296 622 suonmr
1311 581 1390 644 pau-

344 655 385 732 ci,
400 653 451 734 qui
473 652 623 727 viderant,
637 648 720 709 baud
740 647 949 728 neglegenter,
972 657 1007 708 ut
1033 647 1084 727 qui
1111 647 1143 708 in
1168 667 1206 710 eo
1228 647 1389 710 victoriam

344 741 420 802 verti
442 737 565 814 scirent,
588 753 697 816 corpus
718 733 918 794 occultavere.
973 731 1045 794 Alia
1066 732 1229 794 multitudo
1249 733 1389 816 peditum

344 825 551 906 equitumque,
570 818 738 882 deturbatis
760 818 909 895 hostibus,
932 828 1053 879 montes
1078 818 1143 879 sine
1167 819 1244 881 duce
1268 839 1389 900 cepere.

342 910 394 972 Ad
417 909 551 990 quinque
579 903 676 966 millia
699 901 846 985 Ligurum
872 903 993 965 occisa:
1023 923 1063 966 ex
1084 903 1224 966 Romano
1250 905 1389 966 exercitu

342 997 405 1057 duo
420 1007 453 1056 et
466 991 689 1074 quinquaginta
703 989 889 1051 cecideruut.
941 987 1038 1072 Super
1052 1000 1115 1050 tam
1130 991 1298 1052 evidentem
1314 990 1389 1051 tris·

341 1081 383 1143 tis
398 1078 509 1142 ominis
529 1087 683 1153 eventum,
697 1075 791 1137 etiam
808 1095 848 1136 ex
862 1075 992 1157 pullario
1008 1075 1147 1138 auditum
1162 1089 1220 1153 est,
1232 1076 1338 1137 vitium
1354 1075 1388 1136 in

341 1164 478 1310 amdpicio
501 1163 612 1241 luisse3
641 1182 700 1224 nec
719 1161 752 1223 id
775 1162 931 1224 consulem
955 1161 1123 1242 ignorasse.
1182 1161 1220 1223 C.
1232 1159 1386 1238 Valerius,

341 1271 381 1312 au
414 1261 448 1313 ta

702 1335 724 1376 s
854 1335 874 1374 s
1008 1336 1029 1375 e

339 1508 467 1591 ”periti
490 1507 671 1590 religionum
692 1502 827 1588 jurisque
842 1506 967 1590 publici,
984 1505 1106 1588 quando
1120 1506 1182 1568 duo
1203 1508 1230 1553 ⁷⁸
1241 1506 1385 1568 ordinarii

340 1595 480 1657 eonsules
499 1592 564 1674 ejus
587 1593 670 1671 anni,
685 1593 764 1655 alter
778 1595 904 1671 morbo,
914 1593 989 1655 alter
1004 1594 1084 1655 ferro
1099 1593 1248 1676 periisset,
1265 1592 1385 1656 subfec-

336 1692 406 1742 tum
420 1679 577 1742 consulem
591 1678 746 1761 negabant
760 1679 867 1741 rectek
884 1679 1012 1741 comitis
1025 1680 1136 1742 hsbere
1152 1699 1251 1761 posse.

693 1857 716 1895 4
847 1857 868 1898 ἑ
998 1859 1019 1898 ἢ

340 1940 479 2004 deduxit.
1382 1985 1386 1996 ·

380 2025 470 2088 ΧΙΧ.
492 2023 545 2087 Cis
569 2024 765 2108 Apenninum
788 2025 904 2108 Garuli,
931 2042 964 2091 et
986 2027 1135 2111 Lapicini,
1161 2042 1193 2091 et
1216 2027 1385 2106 Hercates3

329 2123 422 2173 trans
436 2111 633 2194 Apenninum
647 2110 800 2175 Briniates
820 2113 950 2176 fuerant.
1003 2119 1030 2163 ⁷⁰
1040 2113 1124 2176 lnter
1138 2115 1298 2177 Audenam
1314 2135 1383 2176 anr-

336 2217 408 2259 nem
435 2197 468 2259 P.
488 2196 611 2258 Mucius
640 2217 710 2260 cunr
741 2199 787 2277 iis,
817 2200 869 2280 qui
897 2198 1016 2263 Lunam
1047 2199 1189 2282 Pisasque
1213 2201 1381 2282 depopula-

337 2283 361 2344 ti
384 2294 483 2359 erant,
504 2283 617 2345 belluni
643 2286 756 2364 gessit:
785 2286 986 2368 omnibusque
1015 2288 1047 2348 in
1074 2287 1220 2348 ditionem
1250 2277 1381 2348 redactis

338 2387 424 2428 arma
446 2368 573 2429 ademit.
623 2368 674 2429 Ob
699 2389 752 2430 eas
776 2391 835 2448 res,
857 2372 888 2432 in
911 2371 1011 2434 Gallia
1037 2368 1256 2454 Liguribusque
1279 2384 1382 2454 gestas

338 2451 466 2512 duorum
495 2451 654 2514 consulum
681 2453 777 2516 ductu
807 2456 1011 2539 auspicioque,
1037 2468 1160 2520 senatus
1189 2459 1220 2518 in
1250 2459 1383 2519 triduum

337 2537 573 2620 supplicationes
602 2537 747 2617 decrerit,
777 2551 811 2602 et
847 2543 1050 2625 quadraginta
1082 2542 1189 2604 hostiis
1218 2541 1382 2604 sacrificari

332 2620 433 2703 jussit
491 2622 533 2686 Bt
560 2624 707 2686 tumulms
736 2625 858 2709 quidem
889 2626 1025 2691 Gallicus
1056 2641 1088 2714 et
1117 2627 1301 2711 ligustium,
1327 2628 1381 2710 qui

336 2708 486 2792 principio
501 2706 567 2789 ejus
590 2709 663 2771 anni
677 2722 800 2772 exortus
822 2712 931 2792 fuerat,
947 2716 1028 2777 haud
1043 2734 1155 2796 magno
1170 2724 1282 2776 conatu
1297 2714 1383 2775 brevi

166 2808 311 2863 aeumu-
335 2796 497 2877 obpressus
519 2804 595 2856 eret.
646 2792 726 2857 Belli
742 2794 937 2861 Macedonici
965 2802 1087 2863 subibat
1107 2798 1173 2880 jam
1198 2820 1279 2877 cura,
1305 2799 1381 2859 mis-

169 2884 207 2922 ¹⁸¹
216 2873 308 2922 Μ·
335 2894 426 2944 cente
441 2880 550 2942 Perseo
564 2880 644 2942 inter
656 2880 819 2944 Dardanos
834 2881 1059 2968 Bastarnasque
1074 2886 1254 2949 certamina:
1280 2894 1313 2947 et
1333 2884 1380 2945 le·

166 2938 313 3053 mm
334 2969 411 3050 gati,
430 2968 481 3049 qui
502 2966 585 3028 missi
608 2966 715 3028 adres
734 2968 873 3031 visendas
895 2971 928 3032 in
952 2970 1169 3035 Macedoniam
1191 2979 1288 3047 erant,
1309 2967 1378 3049 jam

334 3064 519 3116 reverterant
534 3051 678 3129 Romam,
700 3055 1020 3139 renunciaverautque‚
1044 3058 1153 3120 bellum
1175 3057 1206 3117 in
1220 3053 1379 3116 Dardania

334 3160 409 3203 esse.
453 3136 551 3200 Simul
566 3149 713 3200 venerant
726 3150 759 3199 et
774 3140 813 3201 ab
828 3162 898 3223 rege
916 3141 1025 3207 Perseo
1040 3154 1187 3221 oratores,
1203 3143 1229 3179 ⁸⁰
1240 3140 1291 3223 qui
1305 3160 1381 3223 pur·

332 3238 453 3310 gerent,
473 3246 530 3287 nec
551 3222 669 3287 adcitos
690 3224 730 3285 ab
745 3244 783 3287 eo
797 3223 974 3308 Bastarnas,
999 3250 1056 3292 nec
1079 3239 1203 3291 auctore
1226 3248 1264 3287 eo
1288 3226 1379 3307 quid-

332 3331 427 3393 quarn
450 3310 560 3374 lacere.
613 3308 744 3373 Senatus
763 3332 821 3375 uec
844 3313 983 3377 liberavit
997 3315 1064 3398 ejus
1084 3316 1181 3397 culpa
1195 3332 1309 3395 regern,
1324 3330 1378 3371 ne-

335 3418 395 3478 que
410 3398 532 3478 arguit:
559 3397 676 3458 moneri
691 3416 761 3459 eum
777 3402 991 3463 tautummodo
1012 3401 1115 3483 jussit,
1130 3411 1166 3461 ut
1180 3399 1271 3459 etiam
1287 3406 1381 3477 atque

333 3482 431 3549 ,edam
451 3492 582 3562 cureret,
602 3482 626 3523 ⁸¹
638 3492 674 3546 ut
692 3495 835 3548 sanctum
855 3486 1000 3553 haberet¹
1022 3487 1131 3565 foedus,
1155 3483 1237 3566 quod
1259 3480 1287 3543 ei
1310 3498 1382 3541 cunr

552 3650 690 3715 limaci.
701 3646 855 3702 omem·
988 3650 1165 3702 ¹baleeroer.

512 3948 520 3978 ι
609 3956 617 3971 .
877 3924 916 3965 tra
926 3928 988 3967 rnna
998 3910 1178 3960 circumtulerit.
1336 3965 1343 3979 .

371 4006 396 4041 ⁷⁸
408 3996 521 4048 Ordisrorr'i
534 3985 640 4063 comit]
661 3984 777 4033 Ordinsrir'
787 3996 846 4031 cou-
909 3979 933 4012 ⁸⁰
947 3976 992 4031 Qui
1000 3982 1177 4051 prugnrmtmee
1185 3966 1273 4030 assiu]
1296 3966 1345 4015 Qut
1355 3966 1385 4013 ad

340 4070 401 4123 ,1121
419 4073 472 4113 eunt
488 4061 506 4106 ii
521 4053 649 4118 qoiprimrs
663 4048 761 4098 comitiis
776 4046 846 4096 electi
877 4042 1017 4109 purgandum
1031 4052 1055 4087 et
1069 4038 1210 4087 lrbermdunr
1227 4050 1280 4083 eum
1298 4050 1313 4109 q
1333 4044 1385 4079 rm-

246 4157 251 4168 ·
340 4146 396 4188 „aa
432 4128 464 4179 lis
628 4114 734 4165 consider
742 4110 836 4175 sufferri.
878 4110 967 4173 pieione
978 4104 1042 4161 belli,
1052 4102 1155 4152 dicerent
1165 4113 1189 4150 er
1199 4100 1294 4163 prebere
1304 4106 1383 4145 ruten-

372 4168 469 4244 rr⁶1mr
497 4187 682 4233 samm
714 4176 801 4225 Nullus
811 4188 846 4224 ert
877 4176 968 4231 terent,
976 4184 1021 4220 nee
1031 4169 1123 4219 accitos.
1382 4182 1386 4207 r

340 4256 556 4316 marahorum
566 4260 654 4294 mm.
729 4242 846 4292 somnino
911 4239 932 4272 ⁸¹
948 4236 979 4285 Ut
994 4232 1189 4283 mmmbobmt
1197 4225 1285 4292 foder]
1309 4222 1385 4273 Hune

340 4334 403 4380 {m
422 4335 449 4374 ut
459 4320 549 4369 alatur
558 4311 710 4359 Muciuruon
725 4308 785 4357 ultra
795 4306 846 4369 Au·-
877 4303 953 4353 lecum
972 4298 1072 4349 feliciter
1091 4296 1199 4346 emendat
1220 4293 1269 4339 leo.
1289 4288 1386 4365 (imno-¹

340 4363 424 4447 denarii
438 4396 539 4438 amnem,
550 4392 576 4425 ar
585 4374 679 4441 proinde
693 4373 848 4436 Apenninum,
878 4368 939 4417 rius:
962 4374 989 4413 ut
1003 4372 1103 4411 aarum
1117 4354 1351 4439 lpbssfoeduqqnod
1361 4368 1384 4401 er

339 4449 541 4525 mm‘ffle
570 4435 846 4491 mmmmm·
878 4424 1273 4486 MWMpmmr
