3184 5225
384 381 424 436 8‘3
807 371 892 432 TITI
912 371 1011 432 mvn

220 539 254 588 υ.
265 541 295 590 c.
306 537 361 586 578.
385 525 461 590 Hac
477 528 516 590 ab
537 547 599 590 uno
617 546 741 588 censore
764 547 860 607 opera
874 526 987 602 locata,
1010 543 1081 584 curn
1098 543 1211 604 magna
1226 525 1329 606 gratia
1343 526 1429 587 colo·

216 605 250 654 ⁴⁴·
261 603 293 656 ⁰·
306 603 360 654 ¹⁷⁴·
385 635 503 676 norum.
547 611 686 674 Moribus
701 629 820 692 quoque
841 609 980 692 regendis
996 610 1125 690 diligens
1136 621 1169 672 et
1185 631 1289 672 severa
1300 631 1428 674 censura

384 701 452 763 fuit.
468 699 570 761 multis
584 697 653 779 equi
669 696 793 758 ademti.

425 782 574 847 XXVIII.
594 781 690 845 Exitu
704 803 800 864 prope
819 782 890 843 anni
912 781 994 844 diem
1010 803 1104 844 unum
1118 783 1301 866 supplicatio
1317 783 1375 845 fuit
1385 785 1426 844 ob

383 891 430 932 res
441 890 583 953 prospere
595 879 695 950 gestas
706 869 739 930 in
754 866 907 948 Hispania
921 868 1014 931 ductu
1026 869 1220 950 auspicioque
1231 869 1292 951 Ap.
1304 866 1427 932 Claudii

382 955 594 1038 proconsulis:
627 966 659 1016 et
681 952 845 1034 majoribus
873 953 979 1016 hostiis
1010 955 1117 1036 viginti
1148 953 1360 1018 sacrificatum.
1395 967 1428 1018 et

382 1041 510 1104 alterum
534 1041 616 1104 dIem
637 1039 820 1122 supplicatio
841 1041 867 1084 ⁴⁷
882 1040 922 1100 ad
947 1039 1077 1118 Cereris,
1103 1038 1216 1119 Liberi,
1234 1039 1425 1123 Liberaeque

382 1125 450 1205 fuit,
472 1127 554 1210 quod
569 1147 608 1188 ex
623 1123 744 1190 Sabinis
760 1137 846 1188 terrae
863 1137 963 1206 motus
987 1127 1093 1208 ingens
1114 1147 1183 1188 cunr
1207 1127 1308 1190 multis
1329 1126 1424 1189 aedifi·

383 1212 500 1274 ciorum
523 1212 616 1274 ruinis
639 1212 799 1275 nunciatus
821 1223 896 1274 erat.
940 1211 1040 1283 Quum
1055 1212 1116 1294 Ap.
1131 1211 1277 1290 Claudius
1293 1231 1332 1274 ex
1346 1211 1422 1274 His·

382 1299 474 1379 pania
499 1297 631 1360 Romam
657 1298 794 1375 redisset,
828 1298 961 1360 decrevit
986 1310 1120 1375 senatus,
1142 1311 1177 1361 ut
1198 1319 1290 1361 orans
1316 1300 1423 1362 urbem

382 1383 481 1445 iniret.
524 1382 596 1446 Iam
610 1384 781 1448 consularia
795 1383 923 1446 comitia
943 1383 1149 1466 adpetebant3
1173 1385 1291 1465 quibus,
1311 1405 1424 1466 magna

382 1470 578 1532 contentione
593 1469 704 1532 habitis
727 1467 850 1552 propter
873 1470 1099 1532 multitudinem
1122 1471 1303 1553 petentium,
1329 1471 1422 1534 creati

276 1550 301 1565 ''
317 1585 322 1599 ·
381 1551 419 1618 11.
432 1549 602 1620 Postumius
617 1555 746 1617 Albinus
760 1567 793 1616 et
807 1553 854 1616 M.
871 1553 1015 1638 Popillius
1030 1554 1148 1618 henas.
1192 1555 1336 1618 Praetores
1352 1557 1425 1619 inde

381 1641 465 1719 lacti,
491 1643 518 1680 ⁴⁸
529 1638 571 1702 N.
586 1639 696 1704 Fabius
718 1639 828 1720 Ruteo,
855 1639 902 1702 Μ.
925 1639 1092 1719 Matienus,
1121 1641 1158 1704 C.
1184 1640 1347 1720 Cicereius,
1374 1640 1423 1704 M.
1454 1697 1459 1711 ,

381 1725 488 1789 Furius
503 1725 659 1810 Crassipes
674 1728 794 1805 iterum,
813 1727 853 1790 A.
869 1727 980 1790 Atilius
996 1726 1144 1792 Serranus
1159 1728 1280 1806 iterum,
1294 1727 1332 1790 C.
1347 1726 1422 1790 Clu-

380 1814 445 1876 vius
457 1811 571 1875 Saxula
582 1814 700 1876 iterum.
731 1813 874 1876 Comitiis
886 1814 1041 1896 perfectis,
1056 1813 1115 1896 Ap.
1130 1813 1276 1878 Claudius
1288 1813 1422 1892 Centho,

380 1920 420 1960 ex
440 1897 600 1961 Celtiberis
619 1920 712 1962 ovans
731 1919 824 1980 quum
848 1901 879 1962 in
900 1902 1007 1962 urbem
1031 1900 1131 1978 iniret,
1154 1904 1180 1942 ⁴⁹
1193 1901 1299 1963 decern
1326 1901 1423 1963 millia

379 1986 486 2133 llll?
492 2004 572 2133 1:2⁸²
571 1985 756 2134 ”lllll
758 1987 1012 2136 ‘cllllzlll
1027 1987 1165 2134 All
1178 1986 1258 2136 {lli
1270 1984 1437 2134 ..llll

211 2157 301 2208 Tobata
312 2161 345 2237 tn·
366 2157 502 2218 ·oedem¹¹
518 2092 629 2218 Murl‘tlis
639 2156 769 2220 Matutae
780 2180 850 2221 cum
861 2158 962 2221 indice
974 2160 1034 2221 hoc
1046 2159 1147 2242 posita
1160 2170 1226 2221 est:
1249 2157 1320 2220 ‘Tu
1333 2155 1422 2220 Sem·

212 2225 358 2335 ahppllaoa
380 2243 502 2326 ‘pronii
525 2240 656 2305 Gracchi
679 2245 811 2305 consulis
834 2245 962 2327 imperio
987 2245 1179 2328 auspicioque
1200 2245 1280 2326 logio
1304 2244 1421 2306 exerci-

211 2298 339 2403 ὦ·
379 2329 514 2410 ‘tuaque
536 2329 640 2412 populi
662 2327 794 2392 Romani
819 2327 991 2392 Sardiniam
1010 2331 1140 2412 subegit.
1153 2332 1183 2392 in
1206 2351 1243 2392 ea
1265 2329 1422 2412 provincia

210 2418 295 2480 poeiu.
380 2417 539 2477 ‘hostiam
554 2435 633 2476 cesa
647 2428 700 2476 aut
713 2428 804 2498 capta
824 2437 914 2498 supra
928 2418 1088 2500 octoginta
1104 2417 1208 2478 millia.
1252 2414 1423 2498 Republica

381 2501 578 2562 ‘felicissirne
598 2511 695 2582 gesta,
710 2505 737 2540 ⁸⁰
751 2512 841 2584 atquc
860 2501 994 2564 liberatis
1016 2504 1213 2584 vectigalibus
1229 2503 1249 2544 ¹*
1265 2502 1422 2578 restitutis,

332 2583 338 2593 ’
380 2586 573 2650 ‘exercitum
598 2586 714 2649 salvum
739 2598 831 2668 atque
865 2587 1049 2651 incolumem
1082 2588 1289 2671 plenissimum
1319 2587 1422 2670 praeda

379 2674 530 2735 ‘domurn
553 2674 729 2756 reportavit.
756 2675 864 2735 iterum
886 2674 1076 2759 triumphans
1102 2677 1134 2737 in
1159 2676 1264 2736 urbem
1286 2672 1420 2735 Romam

379 2760 505 2821 ‘rediit
549 2757 643 2840 Cujus
658 2760 700 2820 rei
724 2780 796 2841 ergo
820 2762 899 2822 hanc
924 2762 1060 2824 tabulam
1082 2762 1197 2823 donum
1221 2758 1291 2823 Jovi
1315 2758 1420 2821 dedit!

380 2843 643 2920 Sardiniaeinsulae
664 2844 763 2909 forma
779 2859 855 2925 erat,
874 2858 965 2928 atquc
980 2848 1012 2908 in
1026 2870 1064 2910 ea
1079 2847 1239 2910 simulacra
1251 2867 1421 2930 pugnarum

377 2932 472 3015 picta.
516 2930 647 2993 Munera
658 2932 860 3013 gladiatorum
874 2954 911 2993 eo
927 2954 1006 2995 anno
1018 2934 1135 3017 aliquot
1149 2954 1243 3016 parva
1254 2932 1314 2994 alia
1330 2933 1418 3009 data3

378 3038 471 3079 unuin
495 3031 568 3080 ante
594 3028 695 3080 cetera
721 3018 838 3101 insigne
865 3019 923 3080 luit
944 3017 982 3080 T.
1007 3018 1180 3097 Flaminini,
1207 3018 1287 3101 quod
1312 3017 1420 3078 mortis

366 3125 485 3166 >caussa
499 3104 592 3186 patris
607 3105 664 3181 sui,
680 3108 704 3144 ⁵¹
717 3126 785 3167 curn
802 3104 998 3168 visceratione
1014 3106 1162 3187 epuloque
1183 3118 1214 3168 et
1229 3104 1307 3165 ludis
1319 3103 1420 3163 sceni-

377 3192 432 3267 cis,
455 3190 646 3273 quatriduum
674 3190 767 3254 dedit.
790 3196 818 3232 ⁵²
831 3193 935 3275 magni
962 3203 1064 3253 tamen
1086 3191 1220 3253 muneris
1243 3210 1280 3251 ea
1301 3208 1422 3250 summa

377 3275 446 3354 fait,
457 3289 491 3338 ut
515 3298 569 3359 per
588 3276 722 3338 triduum
738 3281 765 3317 ⁸³
778 3291 907 3360 quatuor
922 3290 953 3341 et
969 3278 1161 3361 septuaginta
1181 3276 1319 3338 homines
1341 3294 1420 3359 pug-

376 3364 489 3425 uariat.

693 3454 713 3494 a
888 3453 909 3492 a
1084 3452 1104 3493 a

781 3558 793 3591 ¹¹
809 3560 853 3607 eds
863 3559 937 3606 Gron.
950 3556 1019 3607 Crev.

409 3645 432 3683 ⁴⁷
457 3646 494 3692 Ad
517 3645 611 3708 Cereris,
633 3647 717 3707 Lito-i,
743 3647 879 3710 Liberoeqru]
948 3646 969 3681 ⁵¹
988 3646 1204 3712 conviatorem]
1223 3647 1380 3697 visacum.
1393 3647 1421 3694 ad

379 3707 471 3757 AEdem.
489 3711 544 3759 vid.
554 3724 603 3761 aot.
615 3716 655 3762 46.
666 3716 694 3761 ad
704 3714 721 3760 l.
734 3725 773 3761 ιιι.
785 3730 806 3760 c.
817 3715 858 3761 55.
915 3710 932 3761 l.
945 3723 1002 3759 vrrr.
1014 3729 1035 3760 o.
1046 3712 1085 3761 22.

411 3776 432 3810 ⁴⁸
449 3774 570 3825 ll'unaerr'rrr
587 3776 679 3842 Fadius]
694 3774 881 3836 Vulpeculis·
948 3774 1421 3841 ⁵2Magoirommunoa11otllomu·
1459 3816 1463 3821 .

378 3840 433 3888 diua
464 3842 565 3889 Mutavit
576 3842 688 3903 Sigonius.
916 3856 982 3898 aere,
1004 3843 1064 3904 qaod
1085 3856 1191 3901 maguum
1217 3841 1263 3889 illis
1281 3839 1434 3902 terrrporibus¹

410 3907 432 3941 ⁴⁹
448 3903 609 3955 Deeoamillio
619 3908 796 3971 pandoorgentr]
817 3907 884 3955 Mar·
915 3907 1040 3969 iudicatum
1060 3917 1104 3964 eor,
1122 3907 1422 3967 rmrummodoquatucret

379 3984 418 4017 ors
436 3982 547 4017 aoatmes
567 3972 651 4019 lauat.
696 3968 797 4034 Quisque
814 3973 886 4021 nrillio
917 3969 1175 4035 septuagimalromiaer
1185 3985 1225 4031 per
1243 3971 1343 4019 triduum
1363 3984 1420 4032 pug-

377 4036 437 4081 oari.
468 4033 770 4085 assumiturque.
888 4044 894 4051 '
916 4048 1008 4085 norunt.
1049 4034 1160 4095 Intelligir
1180 4034 1257 4083 Lirim
1273 4038 1319 4083 hoo
1337 4046 1421 4083 munus

409 4097 434 4130 ⁵⁰
449 4096 521 4159 Atque
530 4099 781 4165 bhrotboectigalibu,
797 4110 819 4149 et
841 4105 883 4149 rci-
916 4116 1023 4161 magnum
1034 4090 1215 4147 illoreeorisum
1232 4116 1291 4157 esre,
1303 4101 1344 4147 aed
1362 4098 1430 4167 nibil·

375 4164 467 4223 musea
496 4161 613 4223 miraris]
643 4164 747 4215 Isana
767 4167 884 4229 wrigolio
916 4168 943 4214 ad
962 4166 998 4214 sul
1016 4164 1126 4228 temporis
1143 4164 1256 4227 profusam
1275 4164 1419 4225 magnificen-

377 4228 541 4289 imerpretrtar
566 4224 694 4279 Gronorim
716 4232 775 4279 salva
796 4231 883 4279 reddita
915 4232 980 4290 tiam,
991 4232 1038 4277 rite
1049 4231 1124 4293 potiar
1135 4231 1256 4281 vesaniam.

376 4290 461 4355 populo
478 4290 592 4347 Romano,
606 4308 658 4353 qua
676 4297 803 4345 defectores
819 4311 883 4343 aver·
948 4295 968 4329 θ’
993 4294 1095 4347 Qrtaluor
1115 4304 1136 4343 et
1161 4296 1300 4359 oemroegiato
1328 4293 1421 4341 hortm

376 4367 461 4406 terant.
495 4356 543 4405 Hae
560 4372 637 4416 vocer,
656 4368 678 4407 et
697 4362 883 4423 reipublic-wlsi
913 4359 1048 4424 pugnarint]
1080 4359 1129 4407 Hic
1145 4360 1250 4409 mutilum
1269 4373 1321 4407 erre
1336 4356 1421 4405 librum

375 4421 459 4470 untur
480 4422 581 4483 Sigoaio.
622 4423 752 4476 Gronovius
774 4426 881 4490 conjicit:
915 4424 1037 4473 credimur.
1069 4424 1178 4487 Namque
1195 4440 1225 4475 ex
1241 4426 1340 4490 epitom
1353 4422 1424 4483 hujus

374 4488 596 4551 sociisqaerestitulit.
914 4490 966 4539 libri
983 4500 1077 4556 apparet
1094 4490 1185 4541 liviam
1201 4490 1332 4556 insolega
1342 4487 1437 4539 Voss.
