3184 5225
217 515 357 569 nossa

216 583 249 630 A.
260 580 288 632 c.
302 584 357 649 tos.

218 960 339 1011 &numm

388 372 447 427 los
809 362 894 423 Tm
914 362 1015 423 LIVII

385 519 473 602 ginta
496 516 661 599 majoribus
685 516 793 579 hostiis
819 516 925 597 quibus
952 514 1021 579 Diis
1051 514 1188 575 consules
1214 514 1435 597 sacrificarent,

386 618 419 667 et
433 605 646 680 addiderunt·,
660 604 706 664 uti
728 602 910 685 supplicatio
932 600 1028 679 beret,
1051 600 1213 683 cunctique
1236 602 1433 685 magistrante

385 692 468 753 circa
481 690 586 751 omnia
599 688 766 771 pulvinaria
785 688 928 749 victimis.
943 684 1108 765 majoribus
1132 684 1349 767 sacrificarent,
1375 710 1434 771 po·

384 778 532 859 putusque
556 784 718 836 coronatus
745 784 834 835 esset.
879 770 1003 849 Omnia,
1027 772 1071 833 nti
1099 770 1263 833 decemviri
1288 776 1313 813 ⁶¹
1325 782 1433 857 praeie-

386 861 575 938 runt‚.,facta.

429 944 516 1009 XIV.
532 945 716 1010 censoribus
731 943 842 1007 deinde
857 944 995 1005 creandis
1010 941 1334 1011 comitiaedictasunt.
1350 947 1433 1027 peti-
1517 942 1527 955 ⁸

386 1046 476 1095 erunt
497 1054 656 1095 censuram
679 1032 829 1115 principes
852 1030 992 1107 civitatis,
1012 1027 1049 1090 C.
1064 1026 1203 1091 Valerius
1222 1028 1369 1109 Laevinus,
1390 1031 1431 1095 L.

318 1131 321 1136 '
388 1119 558 1182 Postumius
573 1119 713 1197 Albinus,
730 1116 762 1178 P.
779 1116 901 1179 Mucius
913 1114 1057 1193 Scaevola,
1073 1114 1121 1176 M.
1131 1114 1240 1179 Junius
1254 1114 1376 1194 Brutus,
1390 1117 1429 1179 C.

387 1203 533 1267 Claudius
564 1205 701 1282 Pulcher,
729 1202 780 1264 Ti.
808 1200 1006 1285 Sempronius
1035 1198 1202 1265 Gracchus.
1232 1202 1315 1293 'Hos
1346 1204 1427 1265 duos

387 1312 529 1353 censores
545 1293 659 1353 creavit
673 1291 802 1374 populus
818 1287 984 1351 Romanus.
1029 1287 1128 1358 Quum
1146 1288 1278 1351 delectus
1292 1290 1429 1351 habendi

385 1376 494 1458 major,
508 1398 599 1458 quam
616 1378 701 1455 olias,
716 1387 839 1459 propter
854 1374 1091 1437 Macedonicum
1116 1375 1228 1437 beilum
1250 1396 1322 1451 cura
1336 1388 1429 1454 esset,

384 1464 525 1525 consules
541 1464 661 1545 plebem
683 1462 764 1545 apud
786 1474 926 1525 senatum
949 1461 1144 1537 accusabant,
1167 1462 1284 1545 ”quod
1299 1474 1331 1523 et
1342 1460 1429 1542 juni-

384 1570 453 1611 ores
478 1570 541 1611 non
568 1550 795 1633 responderent.
840 1547 990 1610 Adversus
1017 1567 1093 1628 quos
1118 1550 1144 1586 ⁶³
1160 1547 1197 1610 C.
1219 1546 1374 1629 Sulpicius
1398 1560 1434 1609 et

384 1633 433 1697 M.
453 1634 598 1697 Claudius
618 1635 752 1697 tribnui⁸
773 1635 869 1717 plebis
896 1654 1033 1695 caussam
1060 1646 1196 1714 egerunt.
1240 1632 1338 1695 ‘Non
1354 1655 1430 1696 con-

385 1722 535 1799 ‘sulibus,
551 1722 605 1783 sed
621 1720 788 1783 ambitiosis
805 1719 988 1797 consulibus,
1005 1718 1156 1781 delectum
1172 1718 1325 1781 difficilem
1352 1740 1430 1783 csse.

384 1807 438 1847 ‘⁶⁴
450 1808 604 1869 neminem
628 1808 756 1869 invitum
779 1805 908 1867 militem
930 1807 970 1866 ab
993 1806 1029 1866 iis
1048 1804 1121 1879 beri.
1164 1808 1191 1845 ⁶⁵
1203 1804 1240 1867 ld
1255 1806 1300 1869 ita
1313 1816 1347 1867 nt
1362 1827 1429 1867 esse

384 1893 523 1955 ‘scirent
534 1907 566 1955 et
577 1893 681 1955 Patres
692 1892 870 1974 conscripti,
882 1904 1037 1974 praetores,
1056 1895 1082 1931 ⁶⁶
1090 1891 1198 1973 quibus
1208 1903 1240 1953 et
1249 1892 1295 1953 vis
1311 1892 1439 1973 imperii.

278 2048 286 2056 ,.
384 1978 395 2011 ‘
410 1980 509 2041 minor
521 1992 552 2041 et
562 1980 726 2042 auotoritas
740 1991 830 2055 esset,
847 1978 1009 2055 delectum,
1031 1978 1055 2038 si
1072 1979 1116 2041 ita
1131 1978 1248 2040 senatui
1263 1978 1426 2055 videretur,

383 2065 394 2097 ‘
409 2065 595 2146 perfecturos
604 2064 691 2127 esse?
715 2064 751 2126 ld
762 2065 939 2146 pastoribus
955 2068 981 2109 ⁶⁷
992 2085 1104 2144 magna
1115 2062 1238 2125 Petrum
1253 2065 1272 2103 *⁸
1285 2083 1346 2125 non
1358 2064 1425 2125 sine

382 2150 576 2230 sugillatione
591 2152 761 2228 consulum,
776 2150 954 2211 mandatum
966 2162 1022 2211 est.
1056 2148 1216 2227 Censores,
1230 2162 1264 2210 ut
1277 2170 1345 2211 earn
1360 2170 1426 2211 rem

382 2236 572 2318 adjuvarent,
586 2240 631 2299 ita
646 2239 676 2299 in
698 2236 844 2299 concione
867 2236 1036 2313 edixerunt,
1063 2234 1203 2317 ‘Legem
1226 2236 1327 2297 censui
1352 2255 1425 2296 cen-

381 2324 392 2356 ‘
408 2323 504 2385 sendo
518 2324 652 2386 dicturos
667 2344 745 2401 esse,
759 2335 805 2398 ut,
824 2323 851 2363 ⁶⁸
863 2332 970 2403 praeter
985 2342 1146 2384 commune
1162 2324 1297 2384 omnium
1313 2322 1425 2383 civium

380 2410 392 2442 ‘
401 2406 627 2490 jusjurandum,
638 2410 702 2470 hoec
711 2405 901 2489 adjurarent:
917 2406 965 2469 Tu
977 2408 1076 2469 minor
1088 2409 1176 2469 annis
1185 2429 1240 2469 sex
1248 2420 1281 2470 et
1293 2407 1423 2489 quadra·

379 2497 390 2528 ‘
405 2495 495 2573 ginta
508 2515 552 2571 es,
562 2505 655 2574 tuque
670 2515 710 2555 ex
719 2494 821 2555 edicto
834 2492 871 2555 C.
886 2491 1017 2571 Claudii,
1028 2492 1067 2556 T.
1079 2491 1252 2577 Sempronii
1265 2514 1425 2557 censorum

378 2580 390 2614 ‘
405 2578 445 2639 ad
453 2579 604 2642 delectum
615 2579 753 2662 prodito:
766 2590 809 2656 et,
821 2580 1067 2662 quotiescumque
1077 2580 1285 2658 delectuserit,
1296 2584 1421 2660 ⁶⁹quern

377 2667 389 2699 ‘
404 2665 454 2725 bic
466 2685 606 2727 censores
616 2665 827 2746 magistratum
840 2666 1025 2745 habebuntu,
1035 2668 1060 2730 si
1073 2668 1159 2729 miles
1168 2667 1264 2729 factus
1277 2687 1337 2726 non
1350 2667 1423 2742 eris,

378 2752 388 2785 ‘
402 2750 434 2812 in
447 2749 566 2812 delectu
577 2749 731 2833 prodibis!
769 2748 857 2830 Item,
870 2751 941 2833 quia
952 2752 1035 2814 fama
1046 2766 1122 2831 erat,
1133 2753 1241 2814 multos
1253 2772 1291 2812 ex
1307 2747 1416 2812 Mace·

412 2882 453 2922 'et
462 2877 606 2937 addiderunt,
614 2875 632 2924 Ι.
642 2877 768 2934 ediderunt,
777 2886 807 2934 et,
820 2875 879 2941 liup.
996 2881 1003 2911 ¹
1013 2880 1097 2928 tribuni
1107 2881 1123 2926 l.
1132 2889 1228 2941 pretores
1237 2877 1311 2928 Dect.
1323 2876 1388 2941 Rup.

528 2946 533 2952 ’
641 2947 652 2972 ¹¹
663 2941 823 2990 namnam
832 2945 972 3007 nrcgistrotrtr
982 2945 1087 2993 itabebrtnt
1097 2943 1164 2993 Creu.

378 3048 422 3094 tari
433 3047 489 3109 quin
499 3046 532 3093 ita
543 3046 624 3094 Livius
643 3046 767 3112 scripserit.
800 3049 884 3096 Cetera
947 3048 1096 3099 6‘Nerninent
1121 3053 1212 3098 inritum
1231 3051 1322 3097 militam
1341 3051 1369 3097 ob
1394 3050 1426 3097 iis

378 3112 422 3160 etsi
431 3111 565 3159 hauddubie
573 3111 886 3186 mentemLisiierprimuut,
907 3111 975 3177 firm]
994 3115 1032 3162 Sic
1043 3117 1138 3178 probant
1154 3115 1267 3179 Sulpicius
1276 3125 1302 3162 et
1317 3113 1421 3162 Marcel·

378 3188 526 3240 necponuut
537 3176 604 3237 longe
615 3177 677 3224 abira
696 3177 725 3223 ab
744 3179 795 3237 ejus
812 3180 883 3240 scrip·
916 3177 952 3224 lus
962 3180 1091 3229 ambitiosos
1101 3195 1151 3228 ease
1169 3179 1281 3242 consules,
1297 3179 1338 3240 qui
1357 3190 1424 3226 metu

377 3255 438 3298 rura,
465 3242 552 3290 babent
580 3254 658 3290 tamen
688 3240 772 3304 aliquid
793 3242 885 3290 densim
917 3241 1194 3292 &cononumneminetn
1211 3243 1310 3292 militae
1326 3242 1422 3291 inritum

379 3308 545 3384 quodammodo
563 3320 589 3355 et
599 3307 662 3370 quui
673 3307 806 3364 contentus,
817 3323 884 3371 quam
917 3320 1033 3404 οοςσξιξηι.
1055 3375 1060 3385 .

377 3372 436 3469 ”lii
441 3372 604 3512 'Li'vrldiintnti
612 3435 665 3483 vir.
673 3445 724 3485 not.
735 3437 758 3484 8.
767 3437 794 3484 ad
805 3449 839 3486 tv.
846 3440 884 3487 21.
916 3437 960 3486 scri
988 3437 995 3483 i
1007 3369 1192 3501 riirlobtdeuiriiiedt
1202 3375 1349 3490 idiiapcflsirees
1361 3371 1423 3422 con.

408 3499 433 3532 ⁶²
444 3499 507 3552 Quod
517 3509 539 3548 et
547 3500 660 3564 juniores]
686 3501 799 3566 Superest
815 3501 885 3559 rdet,
984 3500 1068 3555 Quibus
1077 3506 1234 3566 etuitiutprrii
1244 3507 1346 3553 attineret
1361 3520 1418 3551 auc-

377 3575 418 3610 aur
428 3564 494 3626 plura
504 3565 593 3612 derunt.
917 3568 991 3614 toritas
1000 3569 1062 3632 esset]
1081 3566 1189 3620 Quorum
1196 3581 1222 3618 et
1230 3568 1304 3618 minor
1313 3580 1422 3634 potueram

409 3626 431 3661 ⁶³
444 3628 471 3677 0.
490 3627 600 3689 saeptam
613 3639 638 3687 ¹ee
657 3629 692 3678 M.
711 3629 819 3680 curabo
840 3634 882 3678 tri-
916 3640 940 3679 et
963 3633 1038 3679 minor
1059 3633 1157 3693 dignatio
1176 3647 1246 3684 esset.
1283 3634 1312 3681 ln
1332 3635 1422 3694 saporo

377 3692 443 3756 horr]
468 3692 520 3741 imo
539 3703 646 3754 pretores.
678 3695 698 3742 ii
720 3705 746 3743 et
766 3711 843 3758 supra,
862 3711 882 3744 t.
915 3697 1107 3759 estviscogendi:
1123 3699 1420 3749 auctoritorrencrttionem

379 3758 417 3807 11.
435 3771 593 3807 memorantur
609 3760 795 3824 interpretarer
814 3758 882 3822 hujus
914 3762 1027 3812 conciliat.
1060 3764 1134 3828 Supra
1151 3761 1168 3809 l.
1194 3779 1211 3812 r.
1230 3781 1251 3813 c.
1271 3767 1294 3813 7.
1320 3761 1421 3812 Euander

377 3824 452 3936 rtrrui3¹
465 3838 491 3873 st
501 3826 549 3881 nic,
559 3825 613 3935 iddpo
630 3822 682 3884 quia
693 3836 804 3888 praetores
815 3838 883 3934 punt,
915 3825 1421 3903 tumeo...„oncto‘rirarenngitqnmim-

375 3899 587 4029 miribirrisseti
596 3900 882 4032 poitrieuctdurdpissibribdi
912 3908 994 3992 mgr
1007 3894 1172 4033 ogndssdiium
1181 3957 1324 4018 ommium]
1357 3955 1422 4003 Utri·

375 4017 881 4155 tiffmttntrtu¹itt¹.ittrtff
914 4023 1295 4150 ttffrtttr.:‡t:‡{‘..⁵³‘⁰⁰'””‘
1313 4031 1340 4068 ‘¹‘
1354 4035 1421 4068 Μ’

376 4146 463 4192 consuls
479 4147 542 4194 dare.
573 4149 660 4212 Scripta
679 4150 741 4199 baud
757 4150 826 4197 dubie
836 4150 882 4198 fuit
945 4149 968 4183 ⁶⁸
980 4150 1064 4200 Proerar
1072 4167 1184 4200 commuuio
1194 4183 1201 4198 .
1213 4187 1219 4200 .
1232 4147 1421 4212 januardum]

376 4224 419 4284 vox
429 4218 528 4286 ppctoros
538 4214 742 4289 peraratum
758 4213 811 4262 PR.
821 4216 882 4264 unda
914 4213 968 4263 Vid.
978 4229 1027 4264 nor.
1043 4219 1080 4266 rt.
1091 4218 1118 4264 sd
1129 4215 1146 4265 1.
1161 4228 1178 4264 t.
1190 4233 1210 4265 c.
1220 4217 1260 4264 ta.

375 4273 461 4351 bbrarn
479 4289 521 4336 pro
542 4277 607 4325 rolrra
629 4281 757 4337 oscitantia,
784 4282 882 4330 maxime
937 4279 968 4317 '⁶⁹
979 4279 1050 4332 Quem
1060 4282 1093 4328 bit
1101 4281 1366 4342 ocimibmmogbtrattu
1376 4279 1422 4326 ba·

378 4355 431 4402 quta
452 4340 589 4418 sequebatur
616 4347 726 4392 continno
748 4361 791 4392 vox
810 4347 885 4407 plebis,
915 4343 1003 4410 terme]
1019 4345 1058 4393 Sic
1070 4347 1198 4395 emendavit
1210 4345 1348 4393 Gronovius.
1370 4344 1422 4392 Ve-

375 4402 732 4521 ittfflss·¹⁶‘⁵‘’‘“⁶“”‘·
766 4411 883 4460 “²⁸³²
915 4409 1422 4539 iii‘ditffiidiffffi'w
