3184 5225
381 343 425 404 ω
580 327 661 365 ·’
793 333 998 396 uturum

215 522 359 644 teus
381 491 950 659 tltzt‘tr'llnffllttl
964 489 1442 661 ”uttrdtndmm

386 664 642 736 reconciliationis
671 662 751 724 inter
781 664 865 745 ipsos
899 661 975 724 fides
1004 663 1160 726 olnidibm
1191 664 1272 726 ultro
1303 665 1444 748 citroque

387 751 469 823 datis
484 749 604 812 firmata
618 760 674 812 est.
719 746 915 830 Corinthum,
940 761 976 812 ut
997 750 1039 812 ibi
1064 751 1291 833 deponerentur
1301 752 1441 834 obsides,

387 836 575 900 convenias.

430 918 487 982 Vl.
507 919 682 1003 ADelplris
708 935 741 986 et
754 919 893 986 AEtolico
916 921 1048 985 concilio
1070 925 1097 962 ²⁵
1110 920 1275 986 Marcellus
1299 924 1329 985 in
1348 922 1439 987 Pelo-

386 1027 556 1090 ponnesum
582 1005 713 1090 trajecit,
736 1031 797 1090 quo
819 1009 939 1072 Achaia
962 1009 1101 1072 edixerat
1124 1013 1318 1072 conventum.
1363 1009 1439 1091 Ubi,

386 1093 572 1156 conlaudata
584 1106 689 1174 gente,
712 1096 796 1176 quod
811 1107 988 1158 constanter
998 1107 1085 1158 vetus
1100 1095 1256 1158 decretum
1271 1097 1310 1158 de
1328 1117 1437 1158 arcen-

316 1225 320 1230 =
386 1178 433 1240 dis
459 1179 546 1240 aditu
575 1179 682 1244 finium
711 1183 834 1263 regibus
863 1180 1070 1244 Macedonum
1101 1181 1278 1260 tenuissent,
1318 1182 1439 1264 insigne

386 1264 529 1327 adversus
550 1264 660 1328 Persea
671 1268 778 1330 odium
792 1267 1003 1331 Romanorum
1022 1267 1114 1330 lecit:
1138 1268 1221 1348 qnod
1242 1279 1276 1330 ut
1290 1269 1439 1331 maturius

385 1364 568 1434 erumperet,
606 1351 760 1416 Eumenes
800 1376 864 1433 rex,
901 1354 1155 1417 commentarium
1191 1353 1292 1416 ferens
1321 1375 1438 1434 secum,

385 1437 469 1518 quod
485 1437 523 1498 dc
544 1438 739 1521 adpmatibus
760 1441 831 1504 belli
852 1441 957 1503 omnia
976 1440 1129 1522 inquirens
1151 1438 1277 1516 iecerat,
1305 1437 1440 1503 Romam

217 1529 342 1609 lartum
384 1523 479 1584 venit.
523 1523 579 1585 Per
605 1525 687 1588 idem
717 1538 838 1608 tempus
865 1529 998 1608 quinque
1023 1526 1117 1606 legati
1144 1525 1184 1585 ad
1208 1545 1311 1606 regem
1342 1527 1439 1606 missi,

216 1596 357 1709 w·
386 1610 501 1689 quires
526 1611 558 1672 in
574 1608 759 1675 Macedonia
781 1614 986 1694 adspicerent.
1029 1609 1248 1672 Alexandriam
1275 1611 1369 1674 iidem
1396 1613 1438 1674 ad

218 1723 357 1791 mm
387 1693 584 1760 ptolemeum
626 1700 806 1761 renovandae
838 1699 980 1760 amicitiae
1014 1717 1123 1758 caussa
1160 1695 1311 1778 proficisci
1347 1696 1437 1778 jussi.

385 1779 495 1864 Legati
520 1797 609 1846 erant
630 1785 675 1862 hi,
703 1783 740 1846 C.
756 1783 906 1859 Valerius,
937 1781 1155 1844 Cannutius
1179 1779 1287 1861 Cerco,
1309 1782 1347 1852 Q.
1368 1781 1437 1846 Bas·

386 1868 453 1930 hius
479 1866 582 1947 Sulca,
606 1868 654 1933 M.
679 1869 838 1932 Cornelius
865 1866 1047 1944 Mammula,
1078 1866 1126 1928 M.
1150 1865 1289 1929 Cecilius
1310 1866 1439 1933 Denter.

215 1959 341 2074 m
386 1951 428 2017 Et
455 1956 496 2018 ab
523 1955 680 2056 Antiocho
702 1976 772 2035 rege
802 1954 858 2053 sulp
892 1954 975 2053 idem
998 1964 1124 2053 tempus.
1150 1952 1242 2034 legati
1271 1967 1438 2056 venerunt:

206 2039 1441 2209 ῃ,.ιῇῗὲἳέῗὲἰὶΒὲᾗὶᾞοὲῗέιὲἳιίῗῖ““ὅὲ“ιέᾝῗ,ἶέἰὲῖἓιᾞῖ

387 2212 514 2297 ‘quoad
532 2211 615 2274 diem
630 2223 797 2294 prestaret.
812 2213 844 2274 id
860 2233 892 2273 se
907 2232 999 2273 omne
1014 2211 1180 2289 advexisse,
1204 2233 1244 2274 ne
1262 2211 1356 2293 cujus,
1378 2213 1440 2275 nisi

386 2300 397 2334 ‘
412 2297 570 2379 temporis,
579 2299 681 2379 gratia
692 2299 756 2380 regi
768 2298 864 2360 lieret.
895 2297 1019 2361 Donum
1031 2310 1178 2380 praeterea
1189 2297 1318 2375 adferre,
1332 2301 1357 2340 ¹⁰
1366 2319 1440 2362 vasa

386 2387 399 2420 ‘
412 2405 506 2446 aurea
517 2385 720 2465 quingentum
732 2385 847 2467 pondo.
885 2383 990 2446 Petere
1003 2381 1119 2466 regem,
1131 2395 1176 2462 ut,
1189 2403 1258 2466 quae
1267 2404 1337 2446 cum
1352 2395 1439 2467 patre

385 2471 468 2531 ‘suo
491 2470 622 2532 societas
637 2483 729 2551 atque
744 2471 881 2532 amicitia
904 2470 1021 2548 fuisset,
1044 2490 1081 2531 ea
1104 2491 1207 2532 secum
1226 2482 1438 2549 renovareturr

384 2557 397 2625 f
411 2557 635 2638 imperaretque
649 2556 707 2619 sibi
723 2556 854 2639 populus
868 2555 1035 2635 Romanus,
1053 2577 1119 2638 quae
1134 2557 1215 2619 bono
1228 2555 1370 2637 fidelique
1384 2579 1438 2619 so·

385 2643 398 2697 ἕ
412 2642 462 2704 cio
478 2643 541 2722 regi
553 2655 656 2706 essent
667 2644 857 2724 imperanda,
872 2665 905 2705 se
924 2644 1008 2705 nullo
1023 2664 1150 2725 usquam
1165 2653 1351 2704 cessamrum
1366 2644 1437 2705 offi-

384 2729 397 2783 ‘.
411 2728 471 2791 cio.
515 2726 563 2789 Ea
576 2730 686 2791 merita
699 2729 731 2790 in
742 2750 775 2790 se
785 2742 909 2793 senatus
922 2730 1024 2806 fuisse,
1040 2749 1132 2810 quum
1143 2726 1248 2791 Romae
1261 2740 1351 2807 esset,
1366 2748 1438 2793 eam

386 2815 397 2866 ‘-
411 2815 592 2877 comitatem
604 2813 784 2896 juventutis,
799 2826 833 2877 ut
845 2838 900 2899 pro
915 2836 998 2897 rege,
1013 2835 1075 2879 non
1092 2836 1147 2898 pro
1162 2815 1280 2892 obside,
1295 2815 1437 2877 omnibus

387 2900 570 2967 ‘ordinibus
593 2899 705 2965 fuerit!
750 2900 873 2983 legatis
894 2902 1025 2983 benigne
1046 2922 1233 2983 responsum,
1256 2912 1289 2963 et
1304 2901 1438 2963 societa-

294 3058 298 3066 ,
387 2998 450 3049 tem
465 3006 611 3050 renovare
628 3007 699 3049 cum
719 2985 886 3066 Antiocho,
909 3009 975 3069 qnae
993 2998 1165 3070 compatre
1186 2986 1252 3068 ejus
1267 2986 1374 3063 marat,
1396 2984 1438 3053 Α.

386 3072 500 3135 Atilius
513 3084 625 3155 praetor
635 3074 769 3135 urbanus
779 3073 892 3155 jussus.
936 3074 1107 3145 Quirestores
1121 3074 1226 3134 urbani
1238 3072 1437 3155 stipendium,

386 3179 460 3228 rasa
473 3178 566 3221 aurea
579 3180 719 3221 censores
738 3171 943 3241 acceperunt:
967 3161 1069 3242 eisque
1084 3158 1241 3240 negotium
1257 3158 1363 3219 datum
1379 3170 1438 3238 est,

386 3257 422 3308 ut
447 3256 598 3326 ponerent
623 3266 670 3323 ea,
696 3245 859 3326 inquibus
886 3245 1010 3327 templis
1036 3243 1205 3306 videretur:
1238 3246 1262 3291 ¹⁷
1272 3244 1438 3325 legatoque

386 3333 413 3371 ²⁸
422 3343 547 3393 centum
562 3331 692 3393 millium
705 3333 773 3392 aris
787 3352 897 3394 munus
912 3332 1049 3408 missum,
1072 3342 1105 3392 et
1120 3332 1146 3371 ¹2
1155 3330 1235 3393 ades
1250 3330 1350 3392 libera
1364 3332 1438 3393 hos-

384 3418 463 3498 pitio
474 3418 563 3494 datae,
579 3430 753 3497 sumtusque
774 3419 922 3497 decretus,
938 3417 1036 3479 donec
1052 3417 1084 3478 in
1100 3415 1190 3479 ltalia
1203 3428 1292 3479 esset.
1336 3419 1363 3455 ’⁰
1375 3414 1436 3477 Le-

385 3502 461 3583 gati,
473 3503 525 3583 qui
537 3503 569 3563 in
582 3500 671 3586 Syria
682 3503 813 3582 lucrant,
826 3505 1087 3581 renunciaverunt,
1099 3504 1131 3565 in
1147 3503 1282 3565 maximo
1297 3522 1366 3565 eum
1378 3502 1436 3565 ho·

385 3608 459 3649 nore
471 3588 552 3671 apud
568 3610 670 3671 regem
685 3610 762 3668 esse,
778 3591 1054 3670 amicissimumque
1067 3589 1181 3671 populo
1197 3588 1349 3651 Romano.

428 3672 499 3737 Vll.
523 3673 558 3736 ln
581 3676 744 3758 provinciis
767 3698 805 3737 eo
829 3698 910 3763 antiq
934 3677 1008 3739 haec.
1054 3674 1090 3737 C.
1106 3673 1260 3737 Cicereius
1279 3690 1389 3758 praetor
1403 3673 1436 3737 in

417 3813 438 3847 ¹⁵
455 3813 577 3863 Mcoedlus
603 3814 629 3861 in
649 3812 818 3874 Primnum
846 3824 894 3864 nn-
928 3816 1060 3883 Apollonio.

375 3881 444 3940 jecit,
471 3882 524 3942 quo]
556 3879 656 3926 Videtur
676 3879 789 3927 excidisse
810 3896 895 3930 nomen
962 3882 983 3915 ¹⁸
1000 3880 1092 3929 Centum
1108 3879 1204 3927 millium
1219 3876 1279 3940 aris]
1302 3876 1363 3925 Oua
1382 3879 1439 3927 red*

383 3946 436 4006 ejus
451 3944 522 3999 nrb‘u,
534 3944 642 3992 ubi'rllnsl
657 3944 780 3993 conculam
795 3945 894 3995 Achaeo-
928 3946 1027 3995 suntad
1045 3960 1132 3993 mames
1150 3944 1240 4007 amenti
1257 3954 1370 3993 uostmtes
1383 3944 1438 3993 156.

383 4006 549 4055 ramaslaun
558 4020 602 4058 α.
927 4010 1037 4059 uariari.

420 4068 441 4103 ¹⁶
459 4070 514 4118 Vm
545 4088 613 4121 m
639 4071 785 4137 quingenties
812 4076 894 4140 perdo]
961 4076 981 4112 ¹⁹
997 4074 1063 4123 AEdes
1080 4073 1163 4137 libere]
1183 4071 1230 4121 vu
1250 4082 1301 4123 not.
1324 4072 1353 4121 sd
1373 4082 1439 4121 xxx.

383 4136 462 4185 Livius
471 4136 551 4198 pecu
567 4136 636 4185 dubio
654 4152 893 4189 numerumrasorum
930 4141 966 4191 17.

383 4211 526 4266 apponeret,
550 4216 620 4261 quem
643 4203 785 4251 librariorum
808 4206 893 4253 incuria
958 4206 982 4240 ⁸⁰
997 4203 1078 4269 Legati
1096 4205 1135 4267 qui
1153 4206 1178 4249 lo
1199 4201 1265 4266 Syria
1277 4203 1387 4265 suerunt,
1402 4215 1439 4247 rs·

383 4265 459 4331 perire
478 4280 542 4329 passa
559 4278 604 4314 est.
638 4268 749 4316 Ceterum
771 4270 895 4331 quingente
927 4267 1100 4329 manciannum]
1131 4267 1210 4327 Magis
1231 4267 1332 4331 placeret
1352 4280 1437 4339 nnun-

296 4335 305 4346 '
383 4330 460 4396 pondo
474 4331 525 4378 suri
540 4341 696 4380 mamercus
712 4334 763 4380 curi
779 4344 895 4383 nosrntss
927 4338 1044 4383 ruamur.
1076 4334 1091 4363 ⁶
1104 4332 1151 4381 Hic
1169 4333 1232 4380 enim
1252 4330 1354 4380 redditur
1370 4339 1438 4383 rutro,

384 4398 441 4446 781.
450 4397 526 4444 autin
535 4398 561 4446 2.
927 4414 969 4459 cur
990 4410 1038 4447 tam
1060 4396 1184 4446 honorifice
1207 4406 1321 4447 uastatur
1345 4396 1377 4444 sit
1396 4391 1438 4443 ius

346 4490 352 4500 ·
418 4460 440 4497 ¹⁷
467 4458 603 4526 lagatuqrs]
642 4460 741 4529 Principi
773 4463 895 4525 legationis
940 4462 1146 4524 ariochilerstus.
