3184 5225
389 371 429 431 rs
657 405 666 417 .
814 361 897 422 rut
919 343 1018 422 mvn
1107 427 1113 450 .

220 535 363 586 taeter.
388 520 501 582 cretius
530 533 639 602 prator
668 518 707 578 ab
736 516 867 599 Neapoli
897 511 1059 598 profectus,
1089 526 1231 598 superato
1261 515 1351 594 freto,
1385 516 1437 579 die

219 599 292 649 Μ·
311 600 364 651 ¹⁷¹·
388 606 496 686 quinto
512 605 543 665 in
559 603 788 686 Cephalleniam
811 602 989 663 transmisit.
1036 600 1081 662 lbi
1105 602 1194 663 stetit
1213 602 1331 679 classis,
1346 604 1436 666 simul

387 690 559 772 opperiens,
581 700 616 750 ut
642 690 797 750 terrestres
820 688 915 768 copia
938 686 1159 768 trajicerentur,
1186 688 1286 766 simul,
1311 701 1345 751 ut
1360 711 1437 751 one·

389 777 485 851 teria,
500 796 538 836 cx
554 775 675 855 agmine
690 795 745 837 suo
760 795 814 856 per
829 773 923 834 altum
941 774 1103 854 dissipatae,
1119 787 1389 854 consequerentur.

220 861 321 912 Latoius
429 858 547 922 XLIX.
569 859 626 921 Per
656 860 711 921 hos
739 860 817 923 forte
848 860 912 920 dies
939 857 972 920 P.
989 857 1124 920 Licinius
1154 860 1270 938 consul,
1300 862 1380 922 votis
1404 863 1435 922 in

220 928 354 1006 ΨΜ·
388 945 543 1028 Capitolio
558 946 749 1027 nuncupatis,
765 945 928 1028 paludatus
944 946 982 1006 ab
994 945 1068 1006 urbe
1080 945 1235 1026 profectus
1251 957 1308 1007 est.
1345 944 1436 1008 Sem-

216 1004 347 1106 {imppp-ru
386 1053 441 1116 per
456 1033 578 1114 quidem
593 1053 630 1092 ea
655 1053 702 1093 res
717 1052 788 1092 cnm
812 1051 923 1112 magna
945 1031 1093 1111 dignitate
1118 1051 1154 1092 ac
1177 1029 1338 1111 majestate
1353 1034 1437 1113 geri·

217 1122 289 1170 niam.
386 1131 454 1182 tur:
481 1119 630 1200 praecipue
645 1128 750 1179 tamen
770 1117 920 1178 convertit
941 1117 1045 1178 oculos
1068 1117 1256 1196 animosque,
1283 1137 1374 1199 quum
1392 1119 1433 1178 ad

386 1223 531 1286 magnum
545 1203 750 1283 nobilemque,
773 1213 825 1264 aut
839 1203 949 1265 virtute
973 1202 1179 1276 autfertum,
1204 1202 1332 1280 hostem,
1355 1223 1433 1280 eun-

387 1303 449 1352 tem
477 1289 632 1350 consulem
656 1301 887 1371 prosequuntur.
932 1285 1096 1349 Contrebit
1120 1289 1201 1348 enim
1216 1308 1277 1348 non
1302 1290 1433 1350 uofficii

386 1376 480 1437 modo
495 1395 577 1454 cura,
592 1376 646 1436 sed
661 1375 753 1436 etiam
774 1375 908 1437 studium
930 1374 1107 1456 spectaculi,
1134 1386 1169 1435 ut
1185 1373 1308 1434 videant
1323 1374 1433 1436 ducem

385 1481 483 1539 suurn,
514 1460 598 1543 cujus
627 1461 754 1543 imperio
784 1460 971 1541 consilioque
998 1463 1024 1506 ⁶7
1034 1479 1184 1522 summam
1214 1460 1434 1540 rempublicam

385 1547 529 1609 tuendam
545 1548 755 1629 permiserunt.
800 1545 888 1608 Subit
904 1546 1015 1608 deinde
1038 1546 1186 1626 cogitatio
1208 1547 1355 1623 animum,
1380 1547 1432 1627 qui

385 1633 457 1694 belli
484 1655 583 1710 casus,
610 1653 701 1716 quarn
727 1635 860 1695 incertus
886 1633 1014 1710 fortunae
1039 1643 1173 1709 eventus,
1201 1633 1433 1714 communisque

379 1716 473 1780 Mars
498 1720 570 1781 belli
594 1720 653 1781 sit:
677 1719 812 1796 adversa,
835 1718 979 1796 secunda,
1002 1737 1127 1800 querque
1153 1718 1259 1780 incitia
1282 1730 1313 1780 et
1335 1731 1433 1780 teme-

385 1805 476 1866 ritate
491 1806 601 1867 ducum
617 1805 719 1893 clades
743 1826 822 1887 sape
843 1805 1037 1881 acciderent;
1062 1825 1127 1885 quse
1143 1816 1251 1866 eontra
1265 1804 1346 1866 bona
1361 1824 1432 1887 pru-

385 1890 491 1952 dentia
521 1905 552 1953 ct
577 1892 670 1953 virtus
696 1891 848 1953 adtulerit.
893 1890 992 1959 Quem
1022 1891 1098 1952 scire
1123 1890 1308 1967 mortalium,
1338 1891 1433 1952 utrius

384 1977 506 2054 mentis,
529 1978 623 2038 utrius
638 1976 767 2039 fortunae
781 1977 936 2038 consulem
961 1977 998 2037 ad
1017 1977 1128 2038 bellum
1143 1975 1290 2040 mittant?
1322 1977 1431 2038 trium·
1455 1967 1460 1980 ¹

384 2060 570 2141 phantemne
595 2083 668 2123 mox
691 2084 760 2124 cum
786 2061 922 2125 exercitu
947 2063 1062 2123 vicmre
1081 2062 1279 2124 scandentem
1301 2061 1430 2143 Capito-

383 2145 458 2206 lium
484 2148 523 2208 ad
549 2148 672 2208 eosdem
697 2146 793 2226 Deos,
823 2170 843 2209 a
869 2148 975 2228 quibus
1002 2147 1219 2230 proficiscatur,
1247 2148 1356 2223 visuri3
1388 2167 1427 2207 an

383 2231 522 2293 hostibus
543 2253 612 2294 eam
641 2233 793 2313 praebituri
819 2234 956 2295 laetitiam
987 2233 1070 2294 sint?
1119 2232 1199 2293 Persi
1227 2245 1325 2294 autern
1351 2233 1427 2312 regi,

298 2359 303 2373 .
384 2317 526 2378 adversus
550 2338 639 2398 quem
666 2318 775 2394 ibatur,
805 2317 919 2378 famam
945 2329 976 2378 et
1004 2318 1085 2378 bello
1112 2318 1194 2378 clara
1221 2317 1429 2380 Macedonum

383 2422 469 2482 gens,
492 2414 524 2463 et
540 2401 695 2484 Philippus
711 2415 808 2484 pater,
825 2404 904 2464 inter
918 2404 1014 2466 multa
1029 2424 1172 2485 prospere
1187 2415 1274 2486 gesta
1289 2403 1429 2466 Romano

384 2487 479 2548 etiarn
501 2488 677 2548 nobilitatus
702 2488 793 2565 bello,
817 2490 985 2570 praebebat3
1013 2502 1078 2550 tum
1102 2489 1196 2571 ipsius
1216 2489 1316 2551 Persei
1338 2511 1429 2552 num·

382 2593 487 2653 quam,
513 2593 552 2634 ex
579 2592 639 2653 quo
662 2593 787 2653 regnum
811 2575 988 2656 accepisset,
1018 2575 1145 2637 desitum
1170 2575 1240 2635 belli
1268 2587 1430 2657 exspecta·

384 2659 469 2719 tione
498 2659 642 2720 celebrari
672 2680 794 2721 nomen.
833 2681 902 2721 cum
941 2662 986 2723 lris
1020 2661 1254 2743 cogitationibus
1289 2662 1427 2721 omnium

385 2745 525 2806 ordinum
556 2746 694 2807 homines
721 2745 962 2827 proficiscentem
990 2748 1144 2809 consulem
1170 2746 1321 2827 prosecuti
1347 2757 1429 2808 sunt.

384 2829 457 2891 Duo
472 2832 644 2892 consulares
660 2832 772 2893 tribuni
795 2832 927 2893 militum
950 2854 1019 2893 cum
1042 2856 1079 2895 eo
1103 2833 1196 2909 missi,
1217 2830 1254 2893 C.
1269 2829 1426 2908 Claudius,

385 2916 424 2986 Q.
440 2915 581 2994 Mucius3
608 2930 639 2979 et
661 2928 721 2978 tres
745 2917 885 2979 inlustres
902 2917 1050 3000 juvenes,¹
1065 2919 1098 2981 P.
1125 2916 1280 2993 Lentulus,
1305 2928 1337 2978 et
1363 2917 1427 2977 duo

383 2998 495 3063 Manlii
511 3002 643 3064 Acidini.
658 3004 732 3064 alter
748 3006 774 3043 ⁵⁸
785 3002 832 3063 M.
849 3002 968 3081 Manlii,
991 3006 1068 3066 alter
1082 3003 1118 3066 L.
1135 3003 1242 3065 Manlii
1258 3003 1426 3064 filiuserat.

385 3086 463 3149 Cum
480 3088 516 3150 iis
538 3090 642 3150 consul
658 3088 850 3150 Brundisium
872 3090 913 3151 ad
935 3092 1111 3167 exercitum,
1135 3102 1226 3169 atque
1248 3088 1329 3166 inde,
1354 3109 1425 3149 cum

384 3174 524 3236 omnibus
547 3174 643 3257 copiis
664 3186 863 3255 transvectus,
886 3176 926 3237 ad
941 3174 1141 3259 Nymphaeum
1165 3176 1196 3235 in
1218 3174 1428 3258 Appolloniati

384 3278 458 3341 agro
474 3262 576 3343 posuit
589 3274 700 3323 castra.

388 3373 390 3376 ·
427 3344 463 3408 L.
480 3346 594 3409 Paucos
620 3361 691 3410 ante
715 3350 779 3410 dies
795 3348 931 3425 Perseus,
954 3359 1114 3429 postquam
1138 3347 1244 3429 legati,
1267 3348 1306 3409 ab
1329 3346 1428 3409 Roma

383 3434 520 3513 regressi,
549 3433 747 3517 praeciderant
776 3457 863 3518 spem
893 3434 987 3517 pacis,
1018 3435 1177 3499 consilium
1210 3434 1326 3495 babuit.
1380 3432 1426 3493 lbi

281 3521 295 3569 -ἷ
371 3522 411 3591 ‚⁸⁹
423 3518 609 3599 aliquamdiu
630 3519 754 3582 diversis
779 3521 937 3583 sententiis
959 3530 1109 3583 certaturn
1132 3532 1188 3582 est.
1232 3518 1336 3595 Erant,
1358 3517 1428 3598 qui·

382 3603 438 3665 bus
467 3603 514 3664 vel
540 3606 725 3686 stipendium
750 3606 956 3689 pendendum,
986 3606 1011 3667 si
1042 3605 1259 3687 injungeretur,
1289 3604 1335 3665 vel
1362 3604 1427 3683 agri

382 3700 469 3772 parte
484 3690 664 3769 cedendum,
686 3693 711 3753 si
728 3692 892 3754 multarent
901 3714 911 3770 3
938 3693 1085 3773 quidquid
1100 3693 1230 3773 denique
1245 3690 1327 3752 aliud
1342 3688 1428 3771 pacis

383 3796 491 3837 caussa
519 3777 696 3858 patiendum
727 3789 817 3855 esset,
852 3798 913 3841 non
944 3779 1144 3840 recusandum
1173 3778 1334 3853 videretur,
1369 3794 1426 3837 nec

354 3926 358 3946 Ι
382 3863 648 3939 committendum,
671 3875 705 3925 ut
720 3863 751 3923 in
773 3864 871 3925 aleam
895 3864 973 3925 tanti
996 3886 1082 3926 casus
1095 3886 1137 3926 ,se
1160 3882 1346 3945 regnumque
1370 3860 1425 3921 da·

383 3957 440 4008 ret.
469 3949 483 4023 ‘.
496 3947 530 4009 Si
544 3949 693 4031 possessio
708 3949 792 4010 haud
809 3950 951 4031 ambigua
966 3952 1050 4033 regni
1066 3960 1212 4026 maneret,
1233 3948 1329 4010 multa
1345 3946 1427 4007 diem

414 4100 436 4136 ’θ
454 4100 537 4165 Officia]
557 4104 654 4154 Privati:
672 4106 724 4155 'ut
742 4106 824 4169 tuique
836 4122 888 4155 cum
953 4104 975 4140 ³⁸
992 4106 1131 4170 M.Manlir]
1148 4104 1218 4167 Atqui
1235 4120 1310 4165 supra,
1325 4102 1342 4149 l.
1357 4114 1392 4149 vr·
1403 4118 1428 4151 c.

382 4181 411 4215 eo
431 4168 628 4230 quiproficiscitur
641 4171 747 4236 privatim
762 4172 888 4219 autamici·
921 4170 960 4219 2⁰.
981 4171 1116 4220 memoravit
1139 4170 1217 4217 Livius
1237 4170 1310 4229 geritis
1331 4165 1428 4214 Manna

382 4232 422 4287 ¹5³2
438 4246 477 4279 tut
494 4234 605 4291 martio,
627 4250 666 4283 aur
687 4239 731 4285 alia
752 4237 826 4299 alique
848 4252 889 4285 ue·
921 4235 1014 4284 decreto
1034 4248 1126 4285 cautum
1149 4250 1206 4291 esse,
1225 4250 1254 4282 ne
1274 4232 1323 4295 quis
1343 4230 1427 4277 deinde

382 4296 552 4345 eessirudoest.
923 4299 958 4349 M.
972 4301 1207 4349 illanliruvocaretur.
1240 4299 1320 4359 ltaque
1334 4294 1371 4342 bic
1391 4296 1428 4343 vi·

413 4360 437 4397 ⁵⁷
453 4360 563 4408 Summam
589 4365 751 4429 rempublicam]
783 4366 814 4414 Et
844 4366 890 4423 hic.
920 4366 979 4413 tium
991 4378 1026 4414 est
1038 4366 1060 4412 in
1072 4368 1220 4429 praenomine.

383 4426 574 4489 quemadmodum
594 4441 669 4490 supra,
690 4446 710 4477 c.
730 4432 771 4479 33.
792 4432 889 4480 inversa
953 4430 974 4465 ⁵⁹
989 4428 1240 4492 Aliquemdindiuerrir]
1261 4428 1299 4477 Sic
1314 4424 1427 4477 recteSi·

378 4504 449 4541 etant
459 4492 533 4541 litera
545 4490 573 4542 P.
585 4489 709 4555 ltprolt.
721 4492 750 4541 P.
887 4492 896 4511 ⁸
921 4496 1000 4555 gonius
1010 4510 1051 4558 pro
1062 4496 1160 4558 aliquant
1169 4496 1264 4543 divertit.
