3184 5225
379 397 387 408 ·
420 372 460 426 68
832 363 915 422 TlTl
936 361 1037 421 Ltvtt

257 526 292 576 U·
303 528 335 576 C·
343 525 403 578 58¹·
425 517 552 582 Perseus
565 517 692 601 petisset
704 517 910 598 conloquium,
922 515 1141 577 existimabant
1149 513 1263 575 deberi.
1285 513 1365 576 Joco
1377 513 1476 576 etiam

257 589 400 643 *⁶⁰¹st
425 604 562 668 Marcius
577 615 756 666 cunctantes
776 602 881 663 movit.
925 599 1077 676 ‘Minor,’
1102 600 1211 680 inquit,
1232 600 1298 660 ‘ad
1313 597 1477 680 majorem,

426 694 485 753 ‘et
513 689 642 772 (³⁸quod
666 687 808 770 Philippo
824 687 881 768 ipsi
903 706 1075 767 cognomen
1095 685 1174 765 erat)
1197 685 1275 746 filius
1295 685 1336 746 ad
1355 695 1476 767 patrem

424 780 437 812 ‘
451 773 608 839 transeat?
637 768 754 835 'Facile
767 793 943 855 persuasum
959 772 991 832 id
1006 773 1069 853 regi
1084 781 1141 833 est.
1171 771 1265 832 Aliud
1279 771 1390 832 deinde
1407 791 1473 832 am-

423 860 595 942 bigebatur,
617 880 687 922 cum
703 879 795 941 quam
810 859 914 921 multis
936 858 1088 920 transiret.
1132 855 1211 935 Rex,
1226 877 1296 918 curu
1317 857 1403 918 omni
1418 877 1474 918 co-

424 947 535 1008 mitatu
562 945 701 1020 transire,
730 964 848 1024 oequum
878 945 1043 1006 censebat:
1081 943 1174 1024 legati
1205 943 1252 1004 vel
1279 963 1348 1004 cum
1376 943 1474 1004 tribus

424 1032 526 1093 venire
544 1029 704 1110 jubebant,
728 1030 787 1106 vel,
813 1030 983 1091 si'tantum
1010 1049 1121 1112 agmen
1145 1028 1327 1106 traduceret,
1348 1028 1474 1089 obsides

425 1115 523 1192 daret,
538 1115 613 1176 nihil
628 1114 743 1176 fraudis
768 1116 834 1176 lore
849 1116 880 1176 in
906 1114 1078 1196 conloquio.
1116 1113 1253 1196 Hippian
1277 1127 1309 1174 et
1335 1111 1474 1174 Pantau-

425 1204 529 1278 chum,
551 1221 626 1281 quos
641 1211 673 1262 et
688 1199 805 1280 legatos
827 1201 960 1276 miserat,
979 1199 1131 1281 principes
1146 1199 1324 1274 amicorum,
1347 1199 1473 1260 obsides

425 1286 520 1348 dedit.
564 1283 632 1346 Nee
656 1296 721 1346 tam
745 1285 776 1346 iu
802 1285 912 1366 pignus
936 1284 1007 1346 fidei
1034 1284 1155 1346 obsides
1181 1283 1345 1346 desiderati
1372 1295 1473 1363 erant,

424 1371 863 1538 atltltl‘lttlt’
878 1370 1474 1536 ”tlttltlllttlln'ltttlss

373 1535 386 1557 “
425 1541 480 1604 sed
501 1542 661 1625 hospitalis
682 1563 719 1603 ac
733 1542 865 1624 bertigna
879 1542 937 1604 fuit
944 1564 955 1621 3
987 1542 1154 1624 positisque
1175 1542 1297 1636 sedibus
1323 1543 1472 1605 consede·

425 1641 506 1692 runt.

395 1761 407 1775 .
425 1763 429 1768 .
469 1715 536 1779 xl..
560 1717 661 1789 Quum
676 1713 843 1802 paullisper
852 1717 1005 1781 silentium
1017 1717 1139 1780 luisset:
1162 1718 1376 1800 ‘Exspectari,
1391 1715 1474 1796 nos,'

269 1802 276 1814 .
292 1832 302 1853 ⁹
334 1791 339 1809 ’
426 1802 527 1952 {ngpit
541 1802 698 1905 Marcius,
700 1806 739 1952 εἷ]
741 1805 893 1951 arbitrori,
898 1816 933 1866 ut
948 1805 1185 1954 ¹⁶⁸Pl¹¹d²⁸33¹l⁸t
1204 1804 1384 1951 lilteristtuis,
1395 1823 1473 1904 quas

328 2055 332 2063 ⁴
427 1910 1141 2058 ‹...ttl'tll'lln’stltlssltqlttlttt
1154 1909 1469 2039 litttttts'llt.

427 2061 503 2123 ‘Ad
517 2063 597 2124 banc
609 2063 879 2144 interrogationem
890 2073 974 2124 tuam
989 2074 1020 2123 et
1035 2083 1096 2124 non
1109 2062 1290 2144 respondere
1305 2083 1419 2138 vereor,
1432 2081 1472 2122 ne

301 2163 308 2168 “
426 2146 438 2178 ‘
452 2150 615 2228 superbum
629 2148 681 2224 sit,
692 2160 725 2210 et
737 2160 809 2210 tero
817 2149 1009 2231 respondere,
1021 2169 1060 2209 ne
1075 2149 1168 2210 nimis
1178 2149 1318 2210 acerbum
1334 2146 1471 2208 audienti

426 2232 438 2266 ‘
452 2234 509 2295 tibi
524 2234 670 2296 ridentum
715 2232 777 2295 Sed
793 2255 886 2314 quum
901 2246 955 2296 aut
968 2235 1066 2296 verbis
1082 2234 1287 2316 castigandus,
1309 2243 1363 2295 aut
1377 2232 1471 2294 armis

425 2319 437 2352 ⁴
452 2319 503 2396 sit,
519 2320 570 2401 qui
582 2320 681 2382 loedus
696 2320 808 2402 rumpit
821 2343 832 2397 3
864 2320 943 2382 sicut
964 2320 1076 2382 bellum
1093 2321 1234 2383 adversus
1249 2331 1279 2380 te
1297 2319 1361 2395 alii,
1376 2337 1471 2398 quam

426 2403 438 2436 ‘
452 2405 540 2481 mihi,
555 2405 734 2466 mandatum
749 2405 865 2483 malim,
889 2406 934 2468 ita
948 2406 1094 2468 orationis
1110 2407 1308 2469 acerbitatem
1327 2404 1470 2465 adversus

426 2488 616 2569 ‘hospitem
639 2493 836 2571 “utcumque
861 2501 922 2568 est,
940 2492 1069 2554 subibos
1100 2493 1213 2554 ³'sieut
1235 2489 1358 2568 medici,
1378 2508 1470 2573 quum

427 2571 438 2604 ‘
452 2573 557 2635 salutis
572 2593 679 2637 caussa
701 2575 837 2639 tristiora
850 2577 983 2639 remedia
1006 2579 1161 2642 adhibent.
1203 2577 1326 2657 Exque
1343 2581 1470 2657 regnum

426 2657 438 2689 ‘
453 2658 581 2739 adeptus
595 2681 638 2737 es,
649 2681 742 2721 unam
757 2683 821 2723 rem
834 2675 876 2741 te,
887 2684 952 2745 qua
965 2664 1104 2727 facienda
1115 2665 1214 2741 fuerit,
1226 2673 1347 2723 senatus
1360 2662 1470 2722 fecisse

418 2743 438 2798 .‘
453 2754 579 2820 censet3
600 2746 682 2825 quod
698 2745 815 2830 legatos
836 2748 966 2811 Romam
982 2749 1022 2812 ad
1047 2749 1251 2812 renovandum
1273 2748 1337 2789 *ll*
1350 2745 1473 2827 judicat

426 2830 438 2863 ‘
452 2828 565 2909 potius,
575 2849 677 2909 quarn,
686 2850 779 2911 quum
788 2846 966 2894 renovatum
976 2848 1067 2911 esset,
1076 2834 1259 2894 violandum.
1273 2832 1471 2913 Abrupolim,

425 2913 437 2945 ‘
451 2913 568 2973 socium
579 2924 669 2994 atque
681 2914 813 2975 amicum
822 2916 926 2997 populi
941 2914 1085 2996 Romani,
1094 2938 1187 3001 regno
1201 2918 1355 2999 expulisti.
1376 2916 1471 2979 Arte-

426 2998 512 3060 ‘tsri
537 2998 757 3077 interfectores,
780 3011 815 3061 ut
830 3000 911 3063 caede
937 3001 1079 3084 (nequid
1102 3005 1183 3065 ultra
1196 3000 1308 3081 dicam)
1333 3004 1470 3065 laetatum

425 3083 437 3115 ‘
452 3082 624 3164 adpareret,
638 3085 790 3168 recepisti,
807 3087 858 3166 qui
873 3088 1009 3149 omnium
1030 3088 1197 3173 lllyriorum
1211 3089 1389 3150 fidissimum
1403 3086 1470 3150 llo-

426 3169 543 3231 ‘mano
573 3170 680 3231 nimini
710 3172 845 3253 regulum
879 3174 1065 3236 occiderant.
1124 3174 1181 3237 Per
1215 3174 1408 3237 Thessaliam
1441 3184 1473 3235 et

426 3255 437 3288 ‘
451 3252 634 3317 Maliensem
652 3276 758 3338 agrum
773 3278 844 3319 cum
860 3260 995 3321 exercitu
1011 3271 1117 3322 contra
1131 3260 1229 3323 foedus
1243 3259 1382 3341 Delphos
1397 3259 1468 3321 itti:

426 3338 609 3424 ‘Byzantiis
624 3343 698 3405 item
713 3353 820 3405 contra
842 3343 942 3423 foedus
957 3345 1065 3409 misisti
1081 3347 1204 3408 auxilia.
1249 3345 1327 3407 Cum
1342 3342 1470 3422 Boeotia,

427 3427 543 3489 ‘sociis
558 3429 678 3506 nostris,
701 3432 889 3492 ”secretam
917 3431 971 3492 tibi
998 3432 1008 3491 i
1029 3432 1055 3492 si
1081 3432 1271 3509 societatem,
1295 3451 1385 3514 quarn
1408 3451 1471 3492 non

427 3513 438 3546 ‘
454 3512 578 3588 licebat,
588 3510 785 3595 jurejurando
801 3516 954 3597 pepigisti.
989 3452 1153 3579 'leebanos
1168 3517 1296 3599 legatos,
1310 3516 1472 3579 l'tlversamr

426 3598 439 3633 ‘
453 3609 487 3659 et
501 3595 701 3679 Callicritum,
721 3601 875 3663 venientes
890 3622 909 3663 a
922 3602 1020 3681 nobis,
1035 3622 1166 3683 quarere
1184 3604 1277 3680 malo,
1293 3603 1359 3683 quis
1374 3602 1471 3664 inter-

427 3682 570 3761 ‘fecerig
596 3704 687 3765 quam
714 3706 850 3767 arguere.
895 3684 929 3747 ln
953 3684 1073 3750 AEtolia
1095 3688 1209 3751 bellum
1235 3688 1413 3751 intestinum
1441 3698 1474 3749 et

426 3768 550 3831 ‘caedes
563 3771 734 3853 principum
756 3792 811 3852 per
826 3791 912 3852 quos,
934 3773 992 3834 nisi
1007 3794 1061 3856 per
1077 3785 1155 3853 tuos,
1178 3774 1267 3835 factm
1280 3774 1375 3835 videri
1399 3792 1472 3854 pos-

425 3854 546 3916 ‘suntl
580 3854 717 3937 Dolopes
732 3876 752 3917 a
772 3858 887 3939 teipso
908 3861 1033 3921 evastati
1053 3872 1133 3923 sunt.
1175 3858 1328 3921 Eumenes
1345 3878 1409 3935 rex,
1432 3858 1473 3919 ub

425 3938 552 4003 ‘Roma
577 3961 671 4023 quum
686 3941 719 4002 iu
742 3962 869 4023 regnum
885 3944 1009 4022 rediret,
1036 3965 1131 4029 prope
1145 3957 1180 4008 ut
1205 3945 1330 4007 victima
1342 3942 1474 4026 llelphis

837 4048 968 4100 'Possm
979 4052 1047 4103 Crer.
1088 4079 1093 4085 -

457 4132 479 4207 *ξ
494 4130 511 4161 “
521 4131 862 4202 MPlilippoiptimgnrntn
869 4138 929 4201 rrot]
964 4139 1065 4205 prount
1075 4153 1161 4198 tamen,
1171 4154 1267 4204 quocum

425 4191 490 4247 ΩΨ·
501 4196 591 4275 Μῑζάο
599 4214 726 4279 totpornan
741 4213 791 4251 erat
808 4202 931 4269 Philippus,
952 4207 957 4219 ¹
995 4204 1018 4241 ³⁵
1033 4205 1095 4255 Sicut
1104 4208 1191 4285 medici,
1207 4155 1288 4269 quamq
1297 4206 1382 4281 llotest·
1392 4201 1475 4251 abeas

425 4260 837 4398 dilatoriam:
851 4330 932 4379 0...
963 4268 1477 4395 κῆρ’

424 4397 511 4436 mm·
527 4404 595 4450 Μ·
613 4390 643 4438 ¹5¹
660 4396 804 4445 wulfinum
825 4398 932 4445 omioni·
963 4396 1429 4464 popimubiiptmpmuassobtr.

424 4454 531 4509 dvm
547 4454 664 4521 Mittor
680 4472 819 4524 aprorum.
857 4460 933 4524 Mrgb

1288 4156 1308 4187 tr
1316 4147 1355 4187 nt.
