3184 5225
450 335 528 398 ma.
540 336 635 397 xav.
655 336 740 397 oar.
762 334 912 421 xxxin.
1146 346 1205 403 sos

155 512 232 571 mas,
255 512 358 575 oeque
382 492 485 575 legum
509 512 610 575 neque
635 492 786 557 libertatis
805 514 897 575 reque
912 492 1042 577 patiens.
1085 492 1203 560 Omnes
1215 502 1362 561 motta

155 580 257 661 igitur,
274 578 326 661 qai
343 578 374 639 ia
391 578 540 661 aliquibus
564 578 739 641 ministeriis
755 580 857 661 regiis,
882 580 976 642 etiam
991 581 1043 663 qui
1059 582 1091 643 in
1111 582 1201 645 mirri·
1217 572 1248 621 Ᾰ
1260 568 1289 620 ⁰·
1302 572 1361 642 ¹⁶⁷⁴,

121 679 126 688 “
155 664 214 727 mis
239 664 445 747 legationibus
471 664 601 745 fuerant,
622 662 699 747 jussi
722 663 910 729 Macedonia
931 668 1090 747 excedere,
1112 681 1203 752 atque

156 751 188 813 in
204 749 328 813 ltaliam
343 752 407 814 ire:
435 753 486 833 qui
509 774 571 814 non
586 752 737 836 paruisset
758 751 897 836 imperio,
912 772 994 815 mors
1009 754 1203 819 denunciata.

155 836 255 921 Leges
279 836 472 901 Macedonia
498 838 584 901 dedit
609 858 680 900 cum
702 850 790 899 tanta
811 858 894 917 cura,
920 851 1041 903 utnon
1066 842 1204 906 hostibus
1215 849 1289 913 lere·
1302 848 1375 913 tare}

156 924 256 1002 victis,
278 922 332 986 sed
348 924 439 987 sociis
464 926 542 987 beue
567 923 694 1001 meritis,
720 922 792 985 dare
814 924 985 988 videreturz
1012 938 1045 989 et
1070 947 1145 1009 quas
1166 951 1205 993 ne

159 1031 232 1073 usus
247 1010 368 1093 quidem
385 1010 477 1093 longo
500 1024 637 1095 tempore
655 1008 720 1092 (qui
735 1030 813 1072 unus
836 1022 884 1073 est
909 1010 1013 1093 legum
1028 1015 1202 1099 consector)

157 1097 343 1179 experiendo
366 1110 515 1179 argueret.
568 1096 619 1159 Ab
640 1096 725 1158 seriis
752 1096 841 1158 rebus
866 1096 1027 1176 ludicmm,
1057 1100 1141 1182 quod
1165 1124 1205 1167 ex

156 1184 256 1245 multo
272 1196 344 1246 ante
359 1197 539 1267 preparato,
561 1196 593 1247 et
609 1182 640 1245 in
655 1182 733 1245 Asia
748 1182 897 1261 civitates,
919 1196 952 1246 et
964 1185 1006 1247 ad
1020 1206 1109 1268 reges
1129 1189 1204 1251 mie·

156 1270 208 1347 sis,
223 1270 276 1353 qui
304 1269 536 1349 denunciarent,
559 1280 591 1331 et
613 1289 707 1351 quum
723 1268 896 1333 circumiret
911 1270 976 1353 ipse
989 1270 1114 1335 Graecie
1128 1276 1203 1337 civi·

157 1366 250 1435 tates,
265 1354 420 1419 indixerat
435 1356 632 1439 principibus,
657 1376 770 1437 magno
785 1356 933 1439 adparatu
954 1356 1134 1442 Amphipoli
1156 1361 1203 1423 ie·

157 1442 213 1505 cit.
256 1438 338 1505 Nam
354 1454 387 1505 et
402 1446 425 1482 ⁸¹
438 1442 589 1505 artificum
610 1442 710 1503 omnis
724 1443 855 1523 generis,
877 1444 928 1525 qui
943 1443 1091 1507 ludicram
1105 1459 1203 1510 artem

159 1526 326 1607 faciebant,
341 1550 381 1591 ex
395 1540 462 1591 toto
477 1530 548 1591 orbe
565 1540 709 1591 terramm
725 1528 901 1607 multitado,
915 1541 949 1592 et
962 1530 1158 1612 athletarum,
1169 1548 1203 1598 et

158 1615 309 1677 nobilium
331 1636 478 1695 equorum
494 1614 638 1678 convenit
648 1638 663 1677 r.
680 1626 712 1677 et
734 1614 902 1695 legationes
918 1637 987 1679 cum
1001 1618 1145 1697 victimis,
1169 1632 1203 1686 et

153 1700 305 1783 quidquid
335 1702 418 1763 aliud
446 1698 582 1765 Deorum
608 1700 827 1783 hominumque
851 1717 959 1763 caussa
988 1702 1052 1766 lieri
1066 1707 1203 1788 ,magnis

158 1786 238 1849 ludis
261 1788 291 1849 in
313 1784 429 1850 Graecia
451 1788 538 1851 solet.
583 1784 631 1849 lta
652 1786 841 1865 factumest,
861 1800 895 1850 ut
917 1809 979 1849 aon
1001 1791 1201 1873 magnificen-

156 1874 234 1937 tiam
250 1884 382 1953 aarum,
397 1874 450 1937 sed
465 1874 659 1957 prudentiam
682 1872 713 1935 in
733 1872 843 1937 dandis
863 1877 1055 1957 spectaculis,
1081 1878 1121 1940 ad
1135 1898 1202 1961 quse

158 1958 247 2021 rudes
279 1972 345 2023 tum
377 1959 508 2023 Romani
534 1970 633 2040 erant,
663 1960 892 2023 admirarentur.
946 1960 1050 2045 Epulae
1081 1984 1202 2045 quoque

159 2046 363 2127 legationibus
405 2060 517 2130 parata
538 2059 570 2110 et
596 2046 753 2130 opulentia
777 2058 811 2109 et
836 2067 909 2109 cura
937 2048 1057 2110 eadem.
1101 2046 1204 2131 Vulgo

159 2130 277 2195 dictrrm
307 2134 400 2216 ipsius
422 2134 570 2211 ferebant,
599 2145 632 2196 et
661 2132 833 2195 convivium
868 2134 1027 2212 instruere,
1052 2145 1086 2196 et
1116 2134 1204 2197 ludos

156 2218 922 2386 parffipppdfflietgsefquprqrrrqelpssilpellgqpprrppp
932 2304 1098 2387 clipeisque
1119 2306 1204 2369 ereis

158 2392 188 2453 ia
203 2413 296 2455 naves
309 2444 311 2449 .
323 2393 473 2475 inpositis,
496 2402 601 2454 cetera
624 2390 723 2453 omnis
749 2390 869 2473 generis
892 2412 988 2470 arma,
1002 2393 1157 2455 cumulata
1170 2392 1203 2455 in

156 2479 313 2561 ingentem
345 2499 497 2558 acervum,
523 2490 662 2560 precatus
687 2474 835 2555 Martem,
849 2474 1033 2555 Minervam,
1049 2482 1076 2518 ⁸¹
1088 2476 1203 2541 Luaro-

161 2586 218 2648 que
233 2580 377 2645 matrem,
400 2576 433 2630 et
447 2577 564 2628 ceteros
589 2562 685 2642 Deos,
705 2562 814 2646 quibus
837 2563 936 2647 spolia
951 2564 1084 2628 hostium
1100 2565 1203 2629 dicare

155 2651 206 2734 jus
221 2652 327 2734 sasque
342 2665 400 2730 est,
422 2653 488 2736 ipse
510 2653 685 2736 imperator,
710 2649 777 2712 face
802 2651 935 2730 subdita,
953 2653 1120 2716 succendit.
1146 2652 1201 2715 de·

160 2739 230 2802 inde
260 2741 491 2802 circumstantes
520 2737 632 2801 tribuni
662 2736 792 2800 militum
823 2757 880 2820 pro
905 2737 1085 2821 aequisque
1115 2740 1203 2822 ignes

152 2825 368 2908 conjecerunt.
412 2823 532 2888 Notata
546 2835 593 2888 est
606 2823 638 2886 in
654 2821 706 2886 illo
727 2835 880 2886 conventu
902 2821 1030 2908 Europe
1051 2825 1202 2908 Asiaque,
1215 2853 1358 2906 Mam,

160 2913 295 2994 rmdique
316 2911 428 2996 partim
456 2911 495 2974 ad
521 2909 768 2994 gratulationem,
792 2909 905 2994 partim
931 2911 970 2972 ad
994 2913 1202 2994 spectaculum
1215 2919 1341 2972 caralim.

73 3051 78 3060 .
160 3011 322 3061 conuecta
350 2997 554 3076 multitudine,
579 2996 673 3060 tantis
693 2995 850 3058 navalibus
872 2997 1122 3082 tenestribusque
1147 3021 1202 3063 ex·

161 3083 313 3164 mitibus,
328 3107 367 3148 ea
380 3085 471 3168 copia
485 3103 595 3162 rerum,
619 3086 645 3122 ⁸⁸
655 3102 692 3144 ea
710 3081 812 3144 vilitas
836 3102 964 3146 annonae
972 3107 984 3163 5
1006 3095 1042 3146 ut
1055 3096 1088 3147 et
1102 3085 1204 3168 priva·

160 3171 213 3249 tis,
228 3183 261 3234 et
274 3171 458 3249 civitatibus,
479 3181 512 3233 et
525 3169 678 3252 gentibus,
697 3168 780 3231 dona
806 3169 880 3231 dats
902 3169 1046 3251 pleraque
1069 3169 1134 3252 ejus
1148 3191 1203 3253 ge·

158 3257 243 3318 neris
266 3257 327 3320 sint
353 3259 392 3320 ab
419 3257 611 3340 imperatore,
636 3275 699 3317 non
724 3253 755 3316 in
781 3275 871 3316 usum
894 3255 988 3317 modo
1012 3268 1204 3338 praesentem,

158 3341 324 3406 sedetiam
337 3341 420 3425 quod
436 3342 544 3405 domos
560 3341 732 3406 aveherent.
778 3337 963 3422 Spectacula
988 3339 1047 3404 tuit
1071 3341 1111 3420 ei,
1138 3363 1205 3425 que

155 3440 294 3507 venerat,
320 3429 416 3493 turbas
439 3449 502 3492 non
525 3427 680 3506 scenicum
707 3425 805 3508 magis
831 3425 989 3505 ludicmm,
1016 3448 1079 3490 aon
1104 3440 1206 3492 certa·

156 3515 244 3578 mins
259 3515 429 3595 bominum,
444 3527 497 3578 aut
512 3514 663 3578 curricula
677 3533 835 3594 equomm,
861 3533 953 3594 quam
967 3514 1071 3597 preda
1093 3513 1204 3578 Mace·

156 3601 271 3666 donica
285 3603 396 3682 omnis,
413 3613 446 3664 at
461 3601 617 3679 viseretur,
642 3599 782 3682 exposita
807 3610 988 3680 statuarum,
1015 3601 1203 3664 tabulamm·

156 3709 228 3770 quc,
252 3687 419 3766 textilium,
445 3700 478 3751 et
499 3707 640 3749 vasorum
666 3705 706 3748 ex
731 3706 806 3748 auro
828 3698 861 3749 et
886 3699 1015 3768 argento
1039 3698 1072 3749 et
1094 3699 1205 3750 erest

156 3775 251 3838 ebore
276 3779 304 3815 ‘⁴
317 3774 467 3838 famomm
489 3771 607 3858 ingenti
633 3792 706 3834 cura
724 3769 755 3834 in
771 3793 809 3835 ea
822 3772 926 3854 regia:
952 3784 988 3835 ut
1001 3793 1065 3834 non
1080 3773 1112 3834 in
1127 3793 1204 3854 pre·

156 3871 277 3923 sentem
303 3861 397 3924 modo
422 3860 569 3944 speciem,
582 3895 584 3902 ι
598 3857 736 3940 qualibus
763 3857 875 3922 referta
903 3857 988 3940 regia
1010 3855 1207 3921 Alexandriae

136 3975 138 3978 ·
155 3957 235 4025 erat,
248 3947 303 4010 sed
315 3947 347 4009 ia
364 3958 543 4034 perpetuum
557 3963 646 4008 usum
669 3943 787 4010 herent.
831 3941 919 4024 Hac,
944 3943 977 4006 in
1002 3943 1132 4006 classem
1157 3943 1206 4006 in·

186 4126 350 4196 ministros]
384 4126 665 4180 l'id.aot.2·sdi.r.
695 4125 796 4190 Sigoulo-
827 4125 1036 4176 mammaea

152 4196 208 4246 al.
727 4189 1206 4254 “amrmemus-re·

186 4256 448 4324 “hm-qum]
472 4257 664 4370 Sierectlsm'l'ar·
694 4254 1206 4385 gnisffiffiiffizmmm

151 4323 337 4441 wamma
359 4325 546 4442 ,turrizeiim
605 4335 664 4373 m
696 4335 847 4454 ὶπῗέιψ
866 4397 1002 4452 remur,
1021 4385 1085 4449 regis
1104 4337 1207 4438 Altam?-

187 4451 470 4520 *nmmJ
500 4449 665 4506 flatrum
696 4449 761 4504 dria.
