<?xml version="1.0" encoding="UTF-8"?>
<!DOCTYPE html PUBLIC "-//W3C//DTD XHTML 1.0 Transitional//EN"
    "http://www.w3.org/TR/xhtml1/DTD/xhtml1-transitional.dtd">
<html xmlns="http://www.w3.org/1999/xhtml" xml:lang="en" lang="en">
 <head>
  <title>
</title>
<meta http-equiv="Content-Type" content="text/html;charset=utf-8" />
  <meta name='ocr-system' content='tesseract 3.04.00' />
  <meta name='ocr-capabilities' content='ocr_page ocr_carea ocr_par ocr_line ocrx_word'/>
</head>
<body>
  <div class='ocr_page' id='page_1' title='image "./tliviipatavinih02grongoog_0308.png"; bbox 0 0 3184 5225; ppageno 0'>
   <div class='ocr_carea' id='block_1_1' title="bbox 386 343 1151 414">
    <p class='ocr_par' dir='ltr' id='par_1_1' title="bbox 386 343 1151 414">
     <span class='ocr_line' id='line_1_1' title="bbox 386 343 1151 414; baseline -0.013 0"><span class='ocrx_word' id='word_1_1' title='bbox 386 354 447 414; x_wconf 77' lang='grc'><strong>284</strong></span> <span class='ocrx_word' id='word_1_2' title='bbox 485 351 501 384; x_wconf 76' lang='lat'>&#39;</span> <span class='ocrx_word' id='word_1_3' title='bbox 654 344 845 412; x_wconf 77' lang='lat' dir='ltr'><strong>QUAEDAM</strong></span> <span class='ocrx_word' id='word_1_4' title='bbox 863 343 1151 408; x_wconf 79' lang='lat' dir='ltr'><strong>ANTIQUITATIS</strong></span> 
     </span>
    </p>
   </div>
   <div class='ocr_carea' id='block_1_2' title="bbox 381 500 1439 1971">
    <p class='ocr_par' dir='ltr' id='par_1_2' title="bbox 381 500 1439 1971">
     <span class='ocr_line' id='line_1_2' title="bbox 382 500 1438 588; baseline -0.002 -16"><span class='ocrx_word' id='word_1_5' title='bbox 382 519 453 572; x_wconf 85' lang='lat' dir='ltr'><strong><em>aunt</em></strong></span> <span class='ocrx_word' id='word_1_6' title='bbox 468 507 528 570; x_wconf 74' lang='lat' dir='ltr'><strong><em>diro</em></strong></span> <span class='ocrx_word' id='word_1_7' title='bbox 552 503 704 566; x_wconf 82' lang='lat' dir='ltr'><strong><em>exercitus</em></strong></span> <span class='ocrx_word' id='word_1_8' title='bbox 726 503 835 564; x_wconf 90' lang='lat' dir='ltr'><strong><em>eodem</em></strong></span> <span class='ocrx_word' id='word_1_9' title='bbox 857 500 920 563; x_wconf 83' lang='lat' dir='ltr'><strong><em>fere</em></strong></span> <span class='ocrx_word' id='word_1_10' title='bbox 944 513 1080 586; x_wconf 85' lang='lat' dir='ltr'><strong><em>ternpore</em></strong></span> <span class='ocrx_word' id='word_1_11' title='bbox 1096 501 1128 562; x_wconf 91' lang='lat' dir='ltr'><strong><em>in</em></strong></span> <span class='ocrx_word' id='word_1_12' title='bbox 1143 500 1343 588; x_wconf 77' lang='lat' dir='ltr'>Aethiopiam</span> <span class='ocrx_word' id='word_1_13' title='bbox 1358 516 1389 569; x_wconf 87' lang='lat' dir='ltr'><strong><em>et</em></strong></span> <span class='ocrx_word' id='word_1_14' title='bbox 1402 505 1438 570; x_wconf 88' lang='lat' dir='ltr'><strong><em>ia</em></strong></span> 
     </span>
     <span class='ocr_line' id='line_1_3' title="bbox 382 593 1439 672; baseline -0.01 -14"><span class='ocrx_word' id='word_1_15' title='bbox 382 593 586 658; x_wconf 70' lang='lat' dir='ltr'><strong><em>Arabiamsn</em></strong></span> <span class='ocrx_word' id='word_1_16' title='bbox 612 610 725 672; x_wconf 89' lang='lat' dir='ltr'><strong><em>quaea</em></strong></span> <span class='ocrx_word' id='word_1_17' title='bbox 740 595 921 668; x_wconf 82' lang='lat' dir='ltr'><em>tempestate</em></span> <span class='ocrx_word' id='word_1_18' title='bbox 984 633 992 650; x_wconf 90' lang='lat'><strong><em>.</em></strong></span> <span class='ocrx_word' id='word_1_19' title='bbox 1063 633 1072 650; x_wconf 95' lang='lat'><strong><em>.</em></strong></span> <span class='ocrx_word' id='word_1_20' title='bbox 1132 611 1153 652; x_wconf 92' lang='lat'><strong><em>.·</em></strong></span> <span class='ocrx_word' id='word_1_21' title='bbox 1202 635 1210 654; x_wconf 96' lang='lat'><strong><em>.</em></strong></span> <span class='ocrx_word' id='word_1_22' title='bbox 1281 638 1289 654; x_wconf 91' lang='lat'><strong><em>.</em></strong></span> <span class='ocrx_word' id='word_1_23' title='bbox 1350 639 1358 656; x_wconf 85' lang='lat'>‚</span> <span class='ocrx_word' id='word_1_24' title='bbox 1428 639 1439 655; x_wconf 83' lang='lat'><strong><em>.</em></strong></span> 
     </span>
     <span class='ocr_line' id='line_1_4' title="bbox 460 673 1413 742; baseline -0.005 0"><span class='ocrx_word' id='word_1_25' title='bbox 460 725 470 742; x_wconf 93' lang='lat'><strong><em>.</em></strong></span> <span class='ocrx_word' id='word_1_26' title='bbox 536 697 607 740; x_wconf 87' lang='lat' dir='ltr'><strong><em>esae</em></strong></span> <span class='ocrx_word' id='word_1_27' title='bbox 632 687 704 738; x_wconf 86' lang='lat' dir='ltr'><strong><em>sunt</em></strong></span> <span class='ocrx_word' id='word_1_28' title='bbox 726 675 759 736; x_wconf 90' lang='lat' dir='ltr'><strong><em>ia</em></strong></span> <span class='ocrx_word' id='word_1_29' title='bbox 780 673 865 738; x_wconf 85' lang='lat' dir='ltr'><strong><em>Sicili</em></strong></span> <span class='ocrx_word' id='word_1_30' title='bbox 939 718 948 738; x_wconf 96' lang='lat'><strong><em>.</em></strong></span> <span class='ocrx_word' id='word_1_31' title='bbox 1015 721 1023 738; x_wconf 97' lang='lat'><strong><em>.</em></strong></span> <span class='ocrx_word' id='word_1_32' title='bbox 1090 686 1140 739; x_wconf 89' lang='lat' dir='ltr'><strong><em>sat</em></strong></span> <span class='ocrx_word' id='word_1_33' title='bbox 1162 677 1186 738; x_wconf 89' lang='lat' dir='ltr'><strong><em>ti</em></strong></span> <span class='ocrx_word' id='word_1_34' title='bbox 1254 723 1263 740; x_wconf 95' lang='lat'><strong><em>.</em></strong></span> <span class='ocrx_word' id='word_1_35' title='bbox 1330 725 1338 741; x_wconf 94' lang='lat'><strong><em>.</em></strong></span> <span class='ocrx_word' id='word_1_36' title='bbox 1405 680 1413 693; x_wconf 86' lang='lat'>&#39;</span> 
     </span>
     <span class='ocr_line' id='line_1_5' title="bbox 458 765 828 828; baseline -0.011 0"><span class='ocrx_word' id='word_1_37' title='bbox 458 811 468 828; x_wconf 93' lang='lat'><strong><em>.</em></strong></span> <span class='ocrx_word' id='word_1_38' title='bbox 534 765 601 826; x_wconf 86' lang='lat' dir='ltr'><strong><em>eth</em></strong></span> <span class='ocrx_word' id='word_1_39' title='bbox 661 809 670 828; x_wconf 96' lang='lat'><strong><em>.</em></strong></span> <span class='ocrx_word' id='word_1_40' title='bbox 726 806 735 823; x_wconf 90' lang='lat'><strong><em>.</em></strong></span> <span class='ocrx_word' id='word_1_41' title='bbox 792 783 828 824; x_wconf 86' lang='lat' dir='ltr'><strong><em>us</em></strong></span> 
     </span>
     <span class='ocr_line' id='line_1_6' title="bbox 459 849 956 915; baseline -0.006 0"><span class='ocrx_word' id='word_1_42' title='bbox 459 898 467 915; x_wconf 95' lang='lat'><strong><em>.</em></strong></span> <span class='ocrx_word' id='word_1_43' title='bbox 534 851 576 912; x_wconf 89' lang='lat' dir='ltr'><strong><em>da</em></strong></span> <span class='ocrx_word' id='word_1_44' title='bbox 643 894 651 913; x_wconf 89' lang='lat'><strong><em>.</em></strong></span> <span class='ocrx_word' id='word_1_45' title='bbox 717 891 727 912; x_wconf 98' lang='lat'><strong><em>.</em></strong></span> <span class='ocrx_word' id='word_1_46' title='bbox 769 849 802 910; x_wconf 89' lang='lat' dir='ltr'><strong><em>ni</em></strong></span> <span class='ocrx_word' id='word_1_47' title='bbox 870 893 879 912; x_wconf 96' lang='lat'><strong><em>.</em></strong></span> <span class='ocrx_word' id='word_1_48' title='bbox 945 892 956 912; x_wconf 93' lang='lat'><strong><em>.</em></strong></span> 
     </span>
     <span class='ocr_line' id='line_1_7' title="bbox 534 958 833 999; baseline -0.023 0"><span class='ocrx_word' id='word_1_49' title='bbox 534 983 542 999; x_wconf 98' lang='lat'><strong><em>.</em></strong></span> <span class='ocrx_word' id='word_1_50' title='bbox 609 958 663 998; x_wconf 89' lang='lat' dir='ltr'><strong><em>nes</em></strong></span> <span class='ocrx_word' id='word_1_51' title='bbox 740 979 749 996; x_wconf 96' lang='lat'><strong><em>.</em></strong></span> <span class='ocrx_word' id='word_1_52' title='bbox 825 977 833 992; x_wconf 97' lang='lat'><strong><em>.</em></strong></span> 
     </span>
     <span class='ocr_line' id='line_1_8' title="bbox 535 1025 848 1107; baseline -0.006 -21"><span class='ocrx_word' id='word_1_53' title='bbox 535 1070 544 1086; x_wconf 96' lang='lat'><strong><em>.</em></strong></span> <span class='ocrx_word' id='word_1_54' title='bbox 610 1025 696 1107; x_wconf 93' lang='lat' dir='ltr'><strong><em>pium</em></strong></span> <span class='ocrx_word' id='word_1_55' title='bbox 763 1067 772 1085; x_wconf 95' lang='lat'><strong><em>.</em></strong></span> <span class='ocrx_word' id='word_1_56' title='bbox 840 1067 848 1084; x_wconf 96' lang='lat'><strong><em>.</em></strong></span> 
     </span>
     <span class='ocr_line' id='line_1_9' title="bbox 381 1107 1339 1192; baseline -0.005 -17"><span class='ocrx_word' id='word_1_57' title='bbox 381 1113 514 1175; x_wconf 72' lang='lat' dir='ltr'><strong><em>naeniam</em></strong></span> <span class='ocrx_word' id='word_1_58' title='bbox 533 1110 694 1192; x_wconf 85' lang='lat' dir='ltr'><strong><em>mojorem,</em></strong></span> <span class='ocrx_word' id='word_1_59' title='bbox 716 1109 879 1172; x_wconf 83' lang='lat' dir='ltr'><strong><em>interfecto</em></strong></span> <span class='ocrx_word' id='word_1_60' title='bbox 900 1130 971 1190; x_wconf 86' lang='lat' dir='ltr'><strong><em>rege</em></strong></span> <span class='ocrx_word' id='word_1_61' title='bbox 992 1107 1057 1191; x_wconf 88' lang='lat' dir='ltr'><strong><em>ejus</em></strong></span> <span class='ocrx_word' id='word_1_62' title='bbox 1075 1107 1201 1172; x_wconf 79' lang='lat' dir='ltr'><strong>Artaxia</strong></span> <span class='ocrx_word' id='word_1_63' title='bbox 1261 1155 1269 1172; x_wconf 90' lang='lat'><strong><em>.</em></strong></span> <span class='ocrx_word' id='word_1_64' title='bbox 1330 1153 1339 1170; x_wconf 93' lang='lat'><strong><em>.</em></strong></span> 
     </span>
     <span class='ocr_line' id='line_1_10' title="bbox 382 1202 1429 1283; baseline -0.006 -21"><span class='ocrx_word' id='word_1_65' title='bbox 382 1202 511 1283; x_wconf 78' lang='lat' dir='ltr'><strong><em>posse⁸²</em></strong></span> <span class='ocrx_word' id='word_1_66' title='bbox 563 1240 573 1261; x_wconf 98' lang='lat'><strong><em>.</em></strong></span> <span class='ocrx_word' id='word_1_67' title='bbox 629 1242 638 1259; x_wconf 92' lang='lat'><strong><em>.</em></strong></span> <span class='ocrx_word' id='word_1_68' title='bbox 698 1241 707 1259; x_wconf 95' lang='lat'><strong><em>.</em></strong></span> <span class='ocrx_word' id='word_1_69' title='bbox 763 1217 817 1257; x_wconf 88' lang='lat' dir='ltr'><strong><em>ma</em></strong></span> <span class='ocrx_word' id='word_1_70' title='bbox 876 1240 884 1257; x_wconf 94' lang='lat'><strong><em>.</em></strong></span> <span class='ocrx_word' id='word_1_71' title='bbox 945 1241 953 1258; x_wconf 99' lang='lat'><strong><em>.</em></strong></span> <span class='ocrx_word' id='word_1_72' title='bbox 1013 1239 1021 1258; x_wconf 91' lang='lat'><strong><em>.</em></strong></span> <span class='ocrx_word' id='word_1_73' title='bbox 1082 1240 1091 1259; x_wconf 97' lang='lat'><strong><em>.</em></strong></span> <span class='ocrx_word' id='word_1_74' title='bbox 1137 1209 1307 1258; x_wconf 89' lang='lat' dir='ltr'><strong><em>nostrorum</em></strong></span> <span class='ocrx_word' id='word_1_75' title='bbox 1322 1215 1429 1258; x_wconf 81' lang='lat' dir='ltr'><strong><em>exem-</em></strong></span> 
     </span>
     <span class='ocr_line' id='line_1_11' title="bbox 383 1279 1434 1369; baseline -0.005 -22"><span class='ocrx_word' id='word_1_76' title='bbox 383 1286 436 1369; x_wconf 92' lang='lat' dir='ltr'><strong><em>plo</em></strong></span> <span class='ocrx_word' id='word_1_77' title='bbox 460 1286 524 1366; x_wconf 86' lang='lat' dir='ltr'><strong><em>regi</em></strong></span> <span class='ocrx_word' id='word_1_78' title='bbox 583 1329 592 1346; x_wconf 97' lang='lat'><strong><em>.</em></strong></span> <span class='ocrx_word' id='word_1_79' title='bbox 649 1329 657 1345; x_wconf 98' lang='lat'><strong><em>.</em></strong></span> <span class='ocrx_word' id='word_1_80' title='bbox 715 1283 801 1344; x_wconf 89' lang='lat' dir='ltr'><strong><em>mid</em></strong></span> <span class='ocrx_word' id='word_1_81' title='bbox 861 1328 869 1343; x_wconf 97' lang='lat'><strong><em>.</em></strong></span> <span class='ocrx_word' id='word_1_82' title='bbox 927 1327 935 1344; x_wconf 96' lang='lat'><strong><em>.</em></strong></span> <span class='ocrx_word' id='word_1_83' title='bbox 997 1325 1006 1343; x_wconf 91' lang='lat'><strong><em>.</em></strong></span> <span class='ocrx_word' id='word_1_84' title='bbox 1066 1327 1074 1344; x_wconf 98' lang='lat'><strong><em>.</em></strong></span> <span class='ocrx_word' id='word_1_85' title='bbox 1131 1282 1163 1344; x_wconf 89' lang='lat' dir='ltr'><strong><em>in</em></strong></span> <span class='ocrx_word' id='word_1_86' title='bbox 1182 1291 1363 1362; x_wconf 84' lang='lat' dir='ltr'><strong><em>potestatem</em></strong></span> <span class='ocrx_word' id='word_1_87' title='bbox 1375 1279 1434 1343; x_wconf 82' lang='lat' dir='ltr'><strong><em>Ti-</em></strong></span> 
     </span>
     <span class='ocr_line' id='line_1_12' title="bbox 382 1364 1437 1453; baseline -0.005 -19"><span class='ocrx_word' id='word_1_88' title='bbox 382 1373 486 1453; x_wconf 87' lang='lat' dir='ltr'><strong><em>granis</em></strong></span> <span class='ocrx_word' id='word_1_89' title='bbox 508 1371 598 1452; x_wconf 88' lang='lat' dir='ltr'><strong><em>regis,</em></strong></span> <span class='ocrx_word' id='word_1_90' title='bbox 620 1391 676 1452; x_wconf 89' lang='lat' dir='ltr'><strong><em>per</em></strong></span> <span class='ocrx_word' id='word_1_91' title='bbox 702 1367 751 1430; x_wconf 75' lang='lat' dir='ltr'><strong><em>n.</em></strong></span> <span class='ocrx_word' id='word_1_92' title='bbox 770 1365 924 1430; x_wconf 80' lang='lat' dir='ltr'><strong><em>Neronem</em></strong></span> <span class='ocrx_word' id='word_1_93' title='bbox 946 1367 1123 1444; x_wconf 83' lang='lat' dir='ltr'><strong><em>diademate</em></strong></span> <span class='ocrx_word' id='word_1_94' title='bbox 1148 1364 1210 1449; x_wconf 67' lang='lat' dir='ltr'><strong><em>qaas</em></strong></span> <span class='ocrx_word' id='word_1_95' title='bbox 1226 1368 1323 1448; x_wconf 84' lang='lat' dir='ltr'><strong><em>capiti</em></strong></span> <span class='ocrx_word' id='word_1_96' title='bbox 1336 1369 1437 1448; x_wconf 86' lang='lat' dir='ltr'><strong><em>impo-</em></strong></span> 
     </span>
     <span class='ocr_line' id='line_1_13' title="bbox 382 1453 1439 1538; baseline -0.004 -18"><span class='ocrx_word' id='word_1_97' title='bbox 382 1459 453 1535; x_wconf 77' lang='lat' dir='ltr'><strong><em>sito,</em></strong></span> <span class='ocrx_word' id='word_1_98' title='bbox 469 1460 495 1496; x_wconf 79' lang='lat'><strong><em>⁸³</em></strong></span> <span class='ocrx_word' id='word_1_99' title='bbox 534 1454 679 1518; x_wconf 80' lang='lat' dir='ltr'><strong><em>transtuli</em></strong></span> <span class='ocrx_word' id='word_1_100' title='bbox 714 1455 892 1516; x_wconf 80' lang='lat' dir='ltr'><strong><em>Armeniam</em></strong></span> <span class='ocrx_word' id='word_1_101' title='bbox 924 1467 1077 1538; x_wconf 53' lang='lat' dir='ltr'><strong><em>gentem„</em></strong></span> <span class='ocrx_word' id='word_1_102' title='bbox 1125 1453 1237 1517; x_wconf 80' lang='lat' dir='ltr'>Postea</span> <span class='ocrx_word' id='word_1_103' title='bbox 1266 1454 1439 1536; x_wconf 85' lang='lat' dir='ltr'><strong><em>inquietam</em></strong></span> 
     </span>
     <span class='ocr_line' id='line_1_14' title="bbox 383 1540 1437 1626; baseline -0.004 -21"><span class='ocrx_word' id='word_1_104' title='bbox 383 1557 508 1626; x_wconf 84' lang='lat' dir='ltr'>gentem</span> <span class='ocrx_word' id='word_1_105' title='bbox 522 1555 555 1604; x_wconf 91' lang='lat' dir='ltr'><strong><em>et</em></strong></span> <span class='ocrx_word' id='word_1_106' title='bbox 569 1543 778 1620; x_wconf 79' lang='lat' dir='ltr'>rebellantem,</span> <span class='ocrx_word' id='word_1_107' title='bbox 794 1541 944 1604; x_wconf 79' lang='lat' dir='ltr'><strong><em>domitam</em></strong></span> <span class='ocrx_word' id='word_1_108' title='bbox 965 1563 1019 1624; x_wconf 92' lang='lat' dir='ltr'><strong><em>per</em></strong></span> <span class='ocrx_word' id='word_1_109' title='bbox 1034 1540 1144 1622; x_wconf 88' lang='lat' dir='ltr'><strong><em>Cajum</em></strong></span> <span class='ocrx_word' id='word_1_110' title='bbox 1163 1542 1260 1603; x_wconf 86' lang='lat' dir='ltr'><strong><em>lilium</em></strong></span> <span class='ocrx_word' id='word_1_111' title='bbox 1283 1561 1399 1620; x_wconf 91' lang='lat' dir='ltr'><strong><em>meum,</em></strong></span> <span class='ocrx_word' id='word_1_112' title='bbox 1411 1542 1437 1579; x_wconf 80' lang='lat'><strong><em>⁸⁴</em></strong></span> 
     </span>
     <span class='ocr_line' id='line_1_15' title="bbox 383 1623 1437 1712; baseline -0.003 -20"><span class='ocrx_word' id='word_1_113' title='bbox 383 1631 448 1712; x_wconf 87' lang='lat' dir='ltr'><strong><em>regi</em></strong></span> <span class='ocrx_word' id='word_1_114' title='bbox 477 1628 683 1692; x_wconf 79' lang='lat' dir='ltr'><strong><em>Ariobarzani</em></strong></span> <span class='ocrx_word' id='word_1_115' title='bbox 708 1627 949 1712; x_wconf 48' lang='lat' dir='ltr'><strong><em>&amp;enarrandam</em></strong></span> <span class='ocrx_word' id='word_1_116' title='bbox 977 1637 1008 1688; x_wconf 88' lang='lat' dir='ltr'><strong><em>et</em></strong></span> <span class='ocrx_word' id='word_1_117' title='bbox 1029 1623 1220 1707; x_wconf 81' lang='lat' dir='ltr'><strong><em>frenandam</em></strong></span> <span class='ocrx_word' id='word_1_118' title='bbox 1250 1627 1437 1710; x_wconf 35' lang='lat' dir='ltr'><strong><em>tradidi„et</em></strong></span> 
     </span>
     <span class='ocr_line' id='line_1_16' title="bbox 384 1709 1435 1800; baseline -0.003 -23"><span class='ocrx_word' id='word_1_119' title='bbox 384 1728 456 1800; x_wconf 86' lang='lat' dir='ltr'><strong><em>post</em></strong></span> <span class='ocrx_word' id='word_1_120' title='bbox 469 1712 536 1798; x_wconf 81' lang='lat' dir='ltr'><strong><em>ejas</em></strong></span> <span class='ocrx_word' id='word_1_121' title='bbox 554 1725 684 1778; x_wconf 83' lang='lat' dir='ltr'><strong><em>mortem</em></strong></span> <span class='ocrx_word' id='word_1_122' title='bbox 699 1716 763 1777; x_wconf 88' lang='lat' dir='ltr'><strong><em>filio</em></strong></span> <span class='ocrx_word' id='word_1_123' title='bbox 778 1712 843 1796; x_wconf 85' lang='lat' dir='ltr'><strong><em>ejus</em></strong></span> <span class='ocrx_word' id='word_1_124' title='bbox 858 1713 1031 1791; x_wconf 79' lang='lat' dir='ltr'><strong><em>Artauasdi,</em></strong></span> <span class='ocrx_word' id='word_1_125' title='bbox 1045 1715 1181 1795; x_wconf 86' lang='lat' dir='ltr'><strong><em>quodam</em></strong></span> <span class='ocrx_word' id='word_1_126' title='bbox 1196 1709 1271 1796; x_wconf 81' lang='lat' dir='ltr'><strong><em>jare</em></strong></span> <span class='ocrx_word' id='word_1_127' title='bbox 1285 1713 1435 1776; x_wconf 82' lang='lat' dir='ltr'><strong><em>Ariobar-</em></strong></span> 
     </span>
     <span class='ocr_line' id='line_1_17' title="bbox 384 1799 1436 1885; baseline -0.002 -21"><span class='ocrx_word' id='word_1_128' title='bbox 384 1823 475 1881; x_wconf 81' lang='lat' dir='ltr'><strong><em>zane,</em></strong></span> <span class='ocrx_word' id='word_1_129' title='bbox 491 1804 542 1885; x_wconf 92' lang='lat' dir='ltr'><strong><em>qui</em></strong></span> <span class='ocrx_word' id='word_1_130' title='bbox 558 1813 625 1864; x_wconf 90' lang='lat' dir='ltr'><strong><em>erat</em></strong></span> <span class='ocrx_word' id='word_1_131' title='bbox 639 1823 678 1864; x_wconf 88' lang='lat' dir='ltr'><strong><em>ex</em></strong></span> <span class='ocrx_word' id='word_1_132' title='bbox 694 1802 779 1884; x_wconf 85' lang='lat' dir='ltr'><strong><em>regio</em></strong></span> <span class='ocrx_word' id='word_1_133' title='bbox 802 1822 913 1882; x_wconf 87' lang='lat' dir='ltr'><strong><em>genere</em></strong></span> <span class='ocrx_word' id='word_1_134' title='bbox 928 1801 1144 1863; x_wconf 85' lang='lat' dir='ltr'>Armeniorum</span> <span class='ocrx_word' id='word_1_135' title='bbox 1167 1801 1321 1876; x_wconf 87' lang='lat' dir='ltr'><strong><em>oriundus,</em></strong></span> <span class='ocrx_word' id='word_1_136' title='bbox 1344 1801 1375 1861; x_wconf 92' lang='lat' dir='ltr'><strong><em>in</em></strong></span> <span class='ocrx_word' id='word_1_137' title='bbox 1404 1799 1436 1862; x_wconf 94' lang='lat' dir='ltr'><strong><em>id</em></strong></span> 
     </span>
     <span class='ocr_line' id='line_1_18' title="bbox 384 1883 1434 1971; baseline -0.004 -21"><span class='ocrx_word' id='word_1_138' title='bbox 384 1910 511 1971; x_wconf 70' lang='lat' dir='ltr'><strong><em>reginam</em></strong></span> <span class='ocrx_word' id='word_1_139' title='bbox 534 1888 712 1951; x_wconf 79' lang='lat' dir='ltr'><strong><em>deducto.⁸⁶</em></strong></span> <span class='ocrx_word' id='word_1_140' title='bbox 771 1885 949 1949; x_wconf 89' lang='lat' dir='ltr'><strong><em>Provincias</em></strong></span> <span class='ocrx_word' id='word_1_141' title='bbox 970 1888 1081 1965; x_wconf 90' lang='lat' dir='ltr'><strong><em>omnis,</em></strong></span> <span class='ocrx_word' id='word_1_142' title='bbox 1103 1908 1180 1970; x_wconf 87' lang='lat' dir='ltr'><strong><em>quae</em></strong></span> <span class='ocrx_word' id='word_1_143' title='bbox 1201 1899 1282 1950; x_wconf 89' lang='lat' dir='ltr'><strong><em>trans</em></strong></span> <span class='ocrx_word' id='word_1_144' title='bbox 1297 1883 1434 1946; x_wconf 88' lang='lat' dir='ltr'><strong><em>Hadria·</em></strong></span> 
     </span>
    </p>
   </div>
   <div class='ocr_carea' id='block_1_3' title="bbox 277 1973 1465 2144">
    <p class='ocr_par' dir='ltr' id='par_1_3' title="bbox 277 1973 1465 2144">
     <span class='ocr_line' id='line_1_19' title="bbox 277 1973 1430 2056; baseline -0.003 -19"><span class='ocrx_word' id='word_1_145' title='bbox 277 1982 281 1990; x_wconf 85' lang='lat'>&#39;</span> <span class='ocrx_word' id='word_1_146' title='bbox 384 1995 459 2038; x_wconf 90' lang='lat' dir='ltr'><strong><em>num</em></strong></span> <span class='ocrx_word' id='word_1_147' title='bbox 485 1996 570 2038; x_wconf 87' lang='lat' dir='ltr'><strong><em>mare</em></strong></span> <span class='ocrx_word' id='word_1_148' title='bbox 593 1987 733 2056; x_wconf 82' lang='lat' dir='ltr'><strong><em>vergunt,</em></strong></span> <span class='ocrx_word' id='word_1_149' title='bbox 754 1983 786 2036; x_wconf 88' lang='lat' dir='ltr'><strong><em>et</em></strong></span> <span class='ocrx_word' id='word_1_150' title='bbox 803 1973 954 2038; x_wconf 85' lang='lat' dir='ltr'><strong><em>Ponticas</em></strong></span> <span class='ocrx_word' id='word_1_151' title='bbox 973 1973 1168 2056; x_wconf 78' lang='lat' dir='ltr'><strong><em>Asianasque</em></strong></span> <span class='ocrx_word' id='word_1_152' title='bbox 1192 1973 1255 2056; x_wconf 86' lang='lat' dir='ltr'><strong><em>jam</em></strong></span> <span class='ocrx_word' id='word_1_153' title='bbox 1281 1993 1319 2033; x_wconf 88' lang='lat' dir='ltr'><strong><em>ex</em></strong></span> <span class='ocrx_word' id='word_1_154' title='bbox 1342 1983 1430 2054; x_wconf 83' lang='lat' dir='ltr'><strong><em>parte</em></strong></span> 
     </span>
     <span class='ocr_line' id='line_1_20' title="bbox 383 2055 1465 2144; baseline -0.004 -20"><span class='ocrx_word' id='word_1_155' title='bbox 383 2083 499 2144; x_wconf 87' lang='lat' dir='ltr'><strong><em>magna</em></strong></span> <span class='ocrx_word' id='word_1_156' title='bbox 524 2063 644 2143; x_wconf 82' lang='lat' dir='ltr'><strong><em>regibus</em></strong></span> <span class='ocrx_word' id='word_1_157' title='bbox 674 2083 725 2123; x_wconf 87' lang='lat' dir='ltr'><strong><em>eas</em></strong></span> <span class='ocrx_word' id='word_1_158' title='bbox 754 2061 980 2143; x_wconf 84' lang='lat' dir='ltr'><strong><em>possidentibus</em></strong></span> <span class='ocrx_word' id='word_1_159' title='bbox 1009 2061 1150 2124; x_wconf 87' lang='lat' dir='ltr'><strong><em>concessi.</em></strong></span> <span class='ocrx_word' id='word_1_160' title='bbox 1163 2063 1189 2100; x_wconf 80' lang='lat'><strong><em>⁸⁶</em></strong></span> <span class='ocrx_word' id='word_1_161' title='bbox 1235 2055 1370 2120; x_wconf 83' lang='lat' dir='ltr'><strong><em>Siciliam</em></strong></span> <span class='ocrx_word' id='word_1_162' title='bbox 1398 2066 1430 2120; x_wconf 91' lang='lat' dir='ltr'><strong><em>et</em></strong></span> <span class='ocrx_word' id='word_1_163' title='bbox 1461 2101 1465 2106; x_wconf 90' lang='lat'><em>-</em></span> 
     </span>
    </p>
   </div>
   <div class='ocr_carea' id='block_1_4' title="bbox 382 2146 1438 3267">
    <p class='ocr_par' dir='ltr' id='par_1_4' title="bbox 384 2146 1178 2248">
     <span class='ocr_line' id='line_1_21' title="bbox 384 2146 1178 2248; baseline -0.003 -40"><span class='ocrx_word' id='word_1_164' title='bbox 384 2146 559 2211; x_wconf 83' lang='lat' dir='ltr'><strong><em>Sardiniam</em></strong></span> <span class='ocrx_word' id='word_1_165' title='bbox 575 2161 740 2232; x_wconf 79' lang='lat' dir='ltr'><strong><em>occupatas</em></strong></span> <span class='ocrx_word' id='word_1_166' title='bbox 754 2146 836 2208; x_wconf 91' lang='lat' dir='ltr'><strong><em>bello</em></strong></span> <span class='ocrx_word' id='word_1_167' title='bbox 857 2147 954 2209; x_wconf 90' lang='lat' dir='ltr'><strong><em>servili</em></strong></span> <span class='ocrx_word' id='word_1_168' title='bbox 966 2149 991 2193; x_wconf 82' lang='lat'><strong><em>⁸⁷</em></strong></span> <span class='ocrx_word' id='word_1_169' title='bbox 1006 2147 1178 2248; x_wconf 72' lang='lat' dir='ltr'><strong><em>reciperavi.</em></strong></span> 
     </span>
    </p>

    <p class='ocr_par' dir='ltr' id='par_1_5' title="bbox 382 2229 1438 2640">
     <span class='ocr_line' id='line_1_22' title="bbox 429 2229 1436 2314; baseline -0.005 -18"><span class='ocrx_word' id='word_1_170' title='bbox 429 2232 573 2303; x_wconf 77' lang='lat' dir='ltr'><strong><em>Coloniae</em></strong></span> <span class='ocrx_word' id='word_1_171' title='bbox 596 2235 628 2296; x_wconf 91' lang='lat' dir='ltr'><strong><em>in</em></strong></span> <span class='ocrx_word' id='word_1_172' title='bbox 642 2233 757 2312; x_wconf 83' lang='lat' dir='ltr'><strong><em>Africa,</em></strong></span> <span class='ocrx_word' id='word_1_173' title='bbox 780 2233 898 2312; x_wconf 82' lang='lat' dir='ltr'><strong><em>Sicilia,</em></strong></span> <span class='ocrx_word' id='word_1_174' title='bbox 914 2231 1110 2310; x_wconf 80' lang='lat' dir='ltr'><strong><em>Macedonia,</em></strong></span> <span class='ocrx_word' id='word_1_175' title='bbox 1129 2245 1256 2313; x_wconf 92' lang='lat' dir='ltr'><strong><em>utraque</em></strong></span> <span class='ocrx_word' id='word_1_176' title='bbox 1272 2229 1436 2314; x_wconf 85' lang='lat' dir='ltr'><strong><em>Hispania,</em></strong></span> 
     </span>
     <span class='ocr_line' id='line_1_23' title="bbox 383 2317 1438 2401; baseline -0.004 -19"><span class='ocrx_word' id='word_1_177' title='bbox 383 2319 418 2382; x_wconf 87' lang='lat' dir='ltr'><strong><em>in</em></strong></span> <span class='ocrx_word' id='word_1_178' title='bbox 447 2319 555 2382; x_wconf 83' lang='lat' dir='ltr'><strong><em>Gallia</em></strong></span> <span class='ocrx_word' id='word_1_179' title='bbox 580 2319 711 2382; x_wconf 88' lang='lat' dir='ltr'><strong><em>Comata</em></strong></span> <span class='ocrx_word' id='word_1_180' title='bbox 732 2329 762 2382; x_wconf 87' lang='lat' dir='ltr'><strong><em>et</em></strong></span> <span class='ocrx_word' id='word_1_181' title='bbox 787 2317 890 2381; x_wconf 87' lang='lat' dir='ltr'><strong><em>Gallia</em></strong></span> <span class='ocrx_word' id='word_1_182' title='bbox 913 2317 1116 2398; x_wconf 88' lang='lat' dir='ltr'><strong><em>Narbonensi,</em></strong></span> <span class='ocrx_word' id='word_1_183' title='bbox 1139 2331 1259 2401; x_wconf 89' lang='lat' dir='ltr'><strong><em>praeter</em></strong></span> <span class='ocrx_word' id='word_1_184' title='bbox 1285 2317 1438 2400; x_wconf 88' lang='lat' dir='ltr'><strong><em>praesidia</em></strong></span> 
     </span>
     <span class='ocr_line' id='line_1_24' title="bbox 384 2403 1436 2486; baseline -0.004 -18"><span class='ocrx_word' id='word_1_185' title='bbox 384 2406 529 2483; x_wconf 87' lang='lat' dir='ltr'><strong><em>militam,</em></strong></span> <span class='ocrx_word' id='word_1_186' title='bbox 546 2405 670 2466; x_wconf 87' lang='lat' dir='ltr'><strong><em>deduxi.</em></strong></span> <span class='ocrx_word' id='word_1_187' title='bbox 715 2403 806 2466; x_wconf 84' lang='lat' dir='ltr'><strong><em>Italia</em></strong></span> <span class='ocrx_word' id='word_1_188' title='bbox 827 2421 928 2467; x_wconf 86' lang='lat' dir='ltr'><strong><em>autem</em></strong></span> <span class='ocrx_word' id='word_1_189' title='bbox 944 2404 1085 2482; x_wconf 83' lang='lat' dir='ltr'><strong><em>colonias,</em></strong></span> <span class='ocrx_word' id='word_1_190' title='bbox 1101 2427 1178 2486; x_wconf 90' lang='lat' dir='ltr'><strong><em>quae</em></strong></span> <span class='ocrx_word' id='word_1_191' title='bbox 1193 2405 1261 2466; x_wconf 82' lang='lat' dir='ltr'><strong><em>vivo</em></strong></span> <span class='ocrx_word' id='word_1_192' title='bbox 1284 2425 1334 2466; x_wconf 90' lang='lat' dir='ltr'><strong><em>me</em></strong></span> <span class='ocrx_word' id='word_1_193' title='bbox 1355 2403 1436 2466; x_wconf 89' lang='lat' dir='ltr'><strong><em>cele-</em></strong></span> 
     </span>
     <span class='ocr_line' id='line_1_25' title="bbox 383 2488 1435 2573; baseline -0.001 -20"><span class='ocrx_word' id='word_1_194' title='bbox 383 2494 534 2553; x_wconf 91' lang='lat' dir='ltr'><strong><em>berrimae</em></strong></span> <span class='ocrx_word' id='word_1_195' title='bbox 557 2502 589 2552; x_wconf 92' lang='lat' dir='ltr'><strong><em>et</em></strong></span> <span class='ocrx_word' id='word_1_196' title='bbox 611 2490 873 2573; x_wconf 82' lang='lat' dir='ltr'><strong><em>frequentissimae</em></strong></span> <span class='ocrx_word' id='word_1_197' title='bbox 896 2490 1028 2568; x_wconf 81' lang='lat' dir='ltr'><strong><em>fuerunt,</em></strong></span> <span class='ocrx_word' id='word_1_198' title='bbox 1051 2488 1191 2552; x_wconf 85' lang='lat' dir='ltr'><em>IIXXX</em></span> <span class='ocrx_word' id='word_1_199' title='bbox 1209 2490 1357 2555; x_wconf 89' lang='lat' dir='ltr'><strong><em>deductas</em></strong></span> <span class='ocrx_word' id='word_1_200' title='bbox 1379 2491 1435 2552; x_wconf 89' lang='lat' dir='ltr'><strong><em>ha-</em></strong></span> 
     </span>
     <span class='ocr_line' id='line_1_26' title="bbox 382 2578 483 2640; baseline 0.01 -1"><span class='ocrx_word' id='word_1_201' title='bbox 382 2578 483 2640; x_wconf 75' lang='lat' dir='ltr'><strong><em>bet.⁸⁸</em></strong></span> 
     </span>
    </p>

    <p class='ocr_par' dir='ltr' id='par_1_6' title="bbox 383 2661 1436 3178">
     <span class='ocr_line' id='line_1_27' title="bbox 428 2661 1436 2745; baseline 0.003 -21"><span class='ocrx_word' id='word_1_202' title='bbox 428 2661 526 2745; x_wconf 88' lang='lat' dir='ltr'><strong><em>Signa</em></strong></span> <span class='ocrx_word' id='word_1_203' title='bbox 548 2664 693 2726; x_wconf 85' lang='lat' dir='ltr'><strong><em>militaria</em></strong></span> <span class='ocrx_word' id='word_1_204' title='bbox 715 2664 873 2745; x_wconf 90' lang='lat' dir='ltr'><strong><em>complura</em></strong></span> <span class='ocrx_word' id='word_1_205' title='bbox 887 2684 941 2745; x_wconf 86' lang='lat' dir='ltr'><strong><em>per</em></strong></span> <span class='ocrx_word' id='word_1_206' title='bbox 962 2672 1080 2727; x_wconf 87' lang='lat' dir='ltr'><strong><em>nostros</em></strong></span> <span class='ocrx_word' id='word_1_207' title='bbox 1095 2666 1187 2727; x_wconf 88' lang='lat' dir='ltr'><strong><em>daces</em></strong></span> <span class='ocrx_word' id='word_1_208' title='bbox 1207 2665 1315 2727; x_wconf 88' lang='lat' dir='ltr'><strong><em>amissa</em></strong></span> <span class='ocrx_word' id='word_1_209' title='bbox 1330 2664 1436 2727; x_wconf 88' lang='lat' dir='ltr'><strong><em>devic-</em></strong></span> 
     </span>
     <span class='ocr_line' id='line_1_28' title="bbox 384 2744 1434 2833; baseline 0 -22"><span class='ocrx_word' id='word_1_210' title='bbox 384 2749 426 2811; x_wconf 85' lang='lat' dir='ltr'><strong><em>tis</em></strong></span> <span class='ocrx_word' id='word_1_211' title='bbox 441 2747 623 2832; x_wconf 78' lang='lat' dir='ltr'><strong><em>legionibus,</em></strong></span> <span class='ocrx_word' id='word_1_212' title='bbox 634 2752 659 2789; x_wconf 79' lang='lat'><strong><em>⁸⁹</em></strong></span> <span class='ocrx_word' id='word_1_213' title='bbox 675 2750 776 2829; x_wconf 86' lang='lat' dir='ltr'><strong><em>recepi</em></strong></span> <span class='ocrx_word' id='word_1_214' title='bbox 790 2772 829 2811; x_wconf 86' lang='lat' dir='ltr'><strong><em>ex</em></strong></span> <span class='ocrx_word' id='word_1_215' title='bbox 845 2750 994 2833; x_wconf 89' lang='lat' dir='ltr'><strong><em>Hispania</em></strong></span> <span class='ocrx_word' id='word_1_216' title='bbox 1009 2763 1041 2813; x_wconf 88' lang='lat' dir='ltr'><strong><em>et</em></strong></span> <span class='ocrx_word' id='word_1_217' title='bbox 1054 2751 1196 2833; x_wconf 71' lang='lat' dir='ltr'><strong><em>gent-ilias</em></strong></span> <span class='ocrx_word' id='word_1_218' title='bbox 1210 2744 1393 2813; x_wconf 79' lang='lat' dir='ltr'><strong><em>Delniateis.</em></strong></span> <span class='ocrx_word' id='word_1_219' title='bbox 1404 2752 1434 2791; x_wconf 76' lang='lat'><strong><em>⁹⁰</em></strong></span> 
     </span>
     <span class='ocr_line' id='line_1_29' title="bbox 385 2834 1434 2919; baseline 0.002 -22"><span class='ocrx_word' id='word_1_220' title='bbox 385 2834 514 2899; x_wconf 86' lang='lat' dir='ltr'><strong><em>Parthos</em></strong></span> <span class='ocrx_word' id='word_1_221' title='bbox 537 2837 627 2898; x_wconf 91' lang='lat' dir='ltr'><strong><em>trium</em></strong></span> <span class='ocrx_word' id='word_1_222' title='bbox 642 2836 830 2899; x_wconf 87' lang='lat' dir='ltr'><strong><em>exercituum</em></strong></span> <span class='ocrx_word' id='word_1_223' title='bbox 846 2836 1055 2899; x_wconf 88' lang='lat' dir='ltr'><strong><em>Romanorum</em></strong></span> <span class='ocrx_word' id='word_1_224' title='bbox 1070 2838 1202 2919; x_wconf 81' lang='lat' dir='ltr'><strong><em>spolia⁹¹</em></strong></span> <span class='ocrx_word' id='word_1_225' title='bbox 1221 2849 1252 2899; x_wconf 89' lang='lat' dir='ltr'><strong><em>et</em></strong></span> <span class='ocrx_word' id='word_1_226' title='bbox 1267 2837 1355 2919; x_wconf 87' lang='lat' dir='ltr'><strong><em>signa</em></strong></span> <span class='ocrx_word' id='word_1_227' title='bbox 1368 2856 1434 2899; x_wconf 85' lang='lat' dir='ltr'><strong><em>res-</em></strong></span> 
     </span>
     <span class='ocr_line' id='line_1_30' title="bbox 384 2921 1435 3007; baseline 0.002 -25"><span class='ocrx_word' id='word_1_228' title='bbox 384 2921 494 2983; x_wconf 81' lang='lat' dir='ltr'><strong><em>tituere</em></strong></span> <span class='ocrx_word' id='word_1_229' title='bbox 514 2922 601 2999; x_wconf 90' lang='lat' dir='ltr'><strong><em>mihi,</em></strong></span> <span class='ocrx_word' id='word_1_230' title='bbox 623 2922 835 3005; x_wconf 84' lang='lat' dir='ltr'><strong><em>supplicesque</em></strong></span> <span class='ocrx_word' id='word_1_231' title='bbox 858 2922 1025 2985; x_wconf 84' lang='lat' dir='ltr'><strong><em>amicitiam</em></strong></span> <span class='ocrx_word' id='word_1_232' title='bbox 1048 2925 1152 3007; x_wconf 92' lang='lat' dir='ltr'><strong><em>populi</em></strong></span> <span class='ocrx_word' id='word_1_233' title='bbox 1174 2923 1305 2987; x_wconf 88' lang='lat' dir='ltr'><strong><em>Romani</em></strong></span> <span class='ocrx_word' id='word_1_234' title='bbox 1329 2936 1435 3005; x_wconf 88' lang='lat' dir='ltr'><strong><em>petere</em></strong></span> 
     </span>
     <span class='ocr_line' id='line_1_31' title="bbox 384 3004 1435 3093; baseline 0.002 -24"><span class='ocrx_word' id='word_1_235' title='bbox 384 3008 483 3089; x_wconf 84' lang='lat' dir='ltr'><strong><em>coegi.</em></strong></span> <span class='ocrx_word' id='word_1_236' title='bbox 537 3004 589 3069; x_wconf 89' lang='lat' dir='ltr'><strong><em>Ea</em></strong></span> <span class='ocrx_word' id='word_1_237' title='bbox 610 3021 714 3071; x_wconf 88' lang='lat' dir='ltr'><strong><em>autem</em></strong></span> <span class='ocrx_word' id='word_1_238' title='bbox 740 3009 828 3090; x_wconf 86' lang='lat' dir='ltr'><strong><em>signa</em></strong></span> <span class='ocrx_word' id='word_1_239' title='bbox 850 3010 880 3070; x_wconf 94' lang='lat' dir='ltr'><strong><em>in</em></strong></span> <span class='ocrx_word' id='word_1_240' title='bbox 904 3010 1063 3092; x_wconf 90' lang='lat' dir='ltr'><strong><em>penetrali,</em></strong></span> <span class='ocrx_word' id='word_1_241' title='bbox 1087 3009 1169 3092; x_wconf 93' lang='lat' dir='ltr'><strong><em>quod</em></strong></span> <span class='ocrx_word' id='word_1_242' title='bbox 1191 3022 1238 3073; x_wconf 86' lang='lat' dir='ltr'><strong><em>est</em></strong></span> <span class='ocrx_word' id='word_1_243' title='bbox 1265 3010 1297 3071; x_wconf 90' lang='lat' dir='ltr'><strong><em>in</em></strong></span> <span class='ocrx_word' id='word_1_244' title='bbox 1318 3010 1435 3093; x_wconf 89' lang='lat' dir='ltr'><strong><em>templo</em></strong></span> 
     </span>
     <span class='ocr_line' id='line_1_32' title="bbox 383 3091 994 3178; baseline 0.013 -23"><span class='ocrx_word' id='word_1_245' title='bbox 383 3091 497 3156; x_wconf 85' lang='lat' dir='ltr'><strong><em>Martis</em></strong></span> <span class='ocrx_word' id='word_1_246' title='bbox 512 3092 641 3173; x_wconf 84' lang='lat' dir='ltr'><strong><em>Ultoris,</em></strong></span> <span class='ocrx_word' id='word_1_247' title='bbox 651 3098 678 3135; x_wconf 75' lang='lat'><strong><em>⁰¹</em></strong></span> <span class='ocrx_word' id='word_1_248' title='bbox 694 3096 824 3178; x_wconf 88' lang='lat' dir='ltr'><strong><em>reposui.</em></strong></span> <span class='ocrx_word' id='word_1_249' title='bbox 991 3156 994 3163; x_wconf 91' lang='lat'><strong><em>.</em></strong></span> 
     </span>
    </p>

    <p class='ocr_par' dir='ltr' id='par_1_7' title="bbox 428 3178 1436 3267">
     <span class='ocr_line' id='line_1_33' title="bbox 428 3178 1436 3267; baseline 0.002 -26"><span class='ocrx_word' id='word_1_250' title='bbox 428 3178 653 3243; x_wconf 85' lang='lat' dir='ltr'><strong><em>Pannoniorum</em></strong></span> <span class='ocrx_word' id='word_1_251' title='bbox 675 3194 793 3263; x_wconf 85' lang='lat' dir='ltr'><strong><em>gentes,</em></strong></span> <span class='ocrx_word' id='word_1_252' title='bbox 809 3203 883 3267; x_wconf 82' lang='lat' dir='ltr'><strong><em>quas</em></strong></span> <span class='ocrx_word' id='word_1_253' title='bbox 906 3195 977 3245; x_wconf 89' lang='lat' dir='ltr'><strong><em>ante</em></strong></span> <span class='ocrx_word' id='word_1_254' title='bbox 993 3204 1042 3246; x_wconf 91' lang='lat' dir='ltr'><strong><em>me</em></strong></span> <span class='ocrx_word' id='word_1_255' title='bbox 1056 3180 1229 3267; x_wconf 88' lang='lat' dir='ltr'><strong><em>Principem</em></strong></span> <span class='ocrx_word' id='word_1_256' title='bbox 1245 3183 1351 3267; x_wconf 90' lang='lat' dir='ltr'><strong><em>populi</em></strong></span> <span class='ocrx_word' id='word_1_257' title='bbox 1368 3180 1436 3245; x_wconf 83' lang='lat' dir='ltr'><strong><em>Ro-</em></strong></span> 
     </span>
    </p>
   </div>
   <div class='ocr_carea' id='block_1_5' title="bbox 417 3370 1049 3437">
    <p class='ocr_par' dir='ltr' id='par_1_8' title="bbox 417 3370 1049 3437">
     <span class='ocr_line' id='line_1_34' title="bbox 417 3370 1049 3437; baseline 0.005 -19"><span class='ocrx_word' id='word_1_258' title='bbox 417 3370 438 3403; x_wconf 81' lang='lat'><strong><em>⁸¹</em></strong></span> <span class='ocrx_word' id='word_1_259' title='bbox 456 3371 558 3419; x_wconf 76' lang='lat' dir='ltr'><strong><em>lairena</em></strong></span> <span class='ocrx_word' id='word_1_260' title='bbox 575 3387 597 3421; x_wconf 79' lang='lat' dir='ltr'><strong><em>a.</em></strong></span> <span class='ocrx_word' id='word_1_261' title='bbox 611 3386 633 3421; x_wconf 82' lang='lat' dir='ltr'><strong><em>v.</em></strong></span> <span class='ocrx_word' id='word_1_262' title='bbox 648 3372 701 3422; x_wconf 86' lang='grc'><strong>727.</strong></span> <span class='ocrx_word' id='word_1_263' title='bbox 714 3372 771 3421; x_wconf 85' lang='grc'><strong>728.</strong></span> <span class='ocrx_word' id='word_1_264' title='bbox 786 3372 815 3419; x_wconf 81' lang='lat' dir='ltr'><strong><em>ab</em></strong></span> <span class='ocrx_word' id='word_1_265' title='bbox 827 3372 891 3421; x_wconf 84' lang='lat' dir='ltr'><strong><em>AElio</em></strong></span> <span class='ocrx_word' id='word_1_266' title='bbox 922 3389 945 3437; x_wconf 90' lang='lat' dir='ltr'><strong><em>p.</em></strong></span> <span class='ocrx_word' id='word_1_267' title='bbox 957 3374 1049 3436; x_wconf 67' lang='grc'><strong>224111.</strong></span> 
     </span>
    </p>
   </div>
   <div class='ocr_carea' id='block_1_6' title="bbox 275 3433 1140 3495">
    <p class='ocr_par' dir='ltr' id='par_1_9' title="bbox 275 3433 1140 3495">
     <span class='ocr_line' id='line_1_35' title="bbox 275 3433 1140 3495; baseline 0.005 -11"><span class='ocrx_word' id='word_1_268' title='bbox 275 3471 281 3484; x_wconf 76' lang='lat'><strong><em>.</em></strong></span> <span class='ocrx_word' id='word_1_269' title='bbox 383 3433 460 3493; x_wconf 79' lang='lat' dir='ltr'><strong><em>Gallo,</em></strong></span> <span class='ocrx_word' id='word_1_270' title='bbox 475 3435 499 3483; x_wconf 88' lang='lat' dir='ltr'><strong><em>ia</em></strong></span> <span class='ocrx_word' id='word_1_271' title='bbox 517 3436 580 3483; x_wconf 78' lang='lat' dir='ltr'><strong><em>iilam</em></strong></span> <span class='ocrx_word' id='word_1_272' title='bbox 598 3451 620 3484; x_wconf 83' lang='grc' dir='ltr'><strong><em>ι.</em></strong></span> <span class='ocrx_word' id='word_1_273' title='bbox 640 3436 718 3485; x_wconf 80' lang='grc' dir='ltr'><strong>730.ι</strong></span> <span class='ocrx_word' id='word_1_274' title='bbox 731 3435 853 3495; x_wconf 78' lang='lat' dir='ltr'><strong><em>Petroai03</em></strong></span> <span class='ocrx_word' id='word_1_275' title='bbox 868 3454 891 3485; x_wconf 84' lang='lat' dir='ltr'><strong><em>v.</em></strong></span> <span class='ocrx_word' id='word_1_276' title='bbox 954 3436 977 3473; x_wconf 78' lang='lat'><strong><em>⁸⁷</em></strong></span> <span class='ocrx_word' id='word_1_277' title='bbox 990 3438 1028 3487; x_wconf 83' lang='lat' dir='ltr'><strong><em>Cf.</em></strong></span> <span class='ocrx_word' id='word_1_278' title='bbox 1039 3446 1089 3486; x_wconf 84' lang='lat' dir='ltr'><strong><em>not.</em></strong></span> <span class='ocrx_word' id='word_1_279' title='bbox 1101 3438 1140 3489; x_wconf 79' lang='lat'><strong><em>7³.</em></strong></span> 
     </span>
    </p>
   </div>
   <div class='ocr_carea' id='block_1_7' title="bbox 377 3497 1442 4345">
    <p class='ocr_par' dir='ltr' id='par_1_10' title="bbox 377 3497 1442 4345">
     <span class='ocr_line' id='line_1_36' title="bbox 381 3497 1357 3567; baseline 0 -18"><span class='ocrx_word' id='word_1_280' title='bbox 381 3500 458 3549; x_wconf 76' lang='lat' dir='ltr'><strong><em>strab.</em></strong></span> <span class='ocrx_word' id='word_1_281' title='bbox 474 3500 513 3549; x_wconf 87' lang='grc'><strong><em>16.</em></strong></span> <span class='ocrx_word' id='word_1_282' title='bbox 534 3518 559 3567; x_wconf 91' lang='lat' dir='ltr'><strong><em>p.</em></strong></span> <span class='ocrx_word' id='word_1_283' title='bbox 576 3502 632 3550; x_wconf 87' lang='grc'><strong>7811.</strong></span> <span class='ocrx_word' id='word_1_284' title='bbox 655 3497 754 3565; x_wconf 87' lang='grc'><strong>(1126.)</strong></span> <span class='ocrx_word' id='word_1_285' title='bbox 772 3515 797 3551; x_wconf 83' lang='lat' dir='ltr'><strong><em>et</em></strong></span> <span class='ocrx_word' id='word_1_286' title='bbox 817 3504 854 3552; x_wconf 87' lang='lat'><strong><em>17.</em></strong></span> <span class='ocrx_word' id='word_1_287' title='bbox 867 3520 891 3567; x_wconf 91' lang='lat' dir='ltr'><strong><em>p.</em></strong></span> <span class='ocrx_word' id='word_1_288' title='bbox 955 3501 978 3535; x_wconf 80' lang='lat'><strong><em>⁸⁸</em></strong></span> <span class='ocrx_word' id='word_1_289' title='bbox 996 3503 1034 3553; x_wconf 83' lang='lat' dir='ltr'><strong><em>Cf.</em></strong></span> <span class='ocrx_word' id='word_1_290' title='bbox 1050 3502 1199 3552; x_wconf 75' lang='lat' dir='ltr'><strong><em>Suetold.</em></strong></span> <span class='ocrx_word' id='word_1_291' title='bbox 1211 3502 1286 3565; x_wconf 84' lang='lat' dir='ltr'><strong><em>ibique</em></strong></span> <span class='ocrx_word' id='word_1_292' title='bbox 1299 3502 1357 3553; x_wconf 82' lang='lat' dir='ltr'><strong><em>Em.</em></strong></span> 
     </span>
     <span class='ocr_line' id='line_1_37' title="bbox 383 3564 1435 3683; baseline 0.005 -7"><span class='ocrx_word' id='word_1_293' title='bbox 383 3564 858 3680; x_wconf 50' lang='lat' dir='ltr'><strong><em>fftttuffitfflrentffln</em></strong></span> <span class='ocrx_word' id='word_1_294' title='bbox 941 3566 978 3678; x_wconf 66' lang='lat' dir='ltr'><strong><em>si</em></strong></span> <span class='ocrx_word' id='word_1_295' title='bbox 994 3566 1159 3649; x_wconf 61' lang='lat' dir='ltr'><strong><em>⁵⁵·l⁰¹”·⁸“&#39;&#39;⁴¹··</em></strong></span> <span class='ocrx_word' id='word_1_296' title='bbox 1191 3566 1435 3683; x_wconf 54' lang='lat' dir='ltr'><strong><em>ma...</em></strong></span> 
     </span>
     <span class='ocr_line' id='line_1_38' title="bbox 379 3644 1435 3762; baseline 0.001 -20"><span class='ocrx_word' id='word_1_297' title='bbox 379 3694 445 3742; x_wconf 75' lang='lat' dir='ltr'><strong><em>Ano.</em></strong></span> <span class='ocrx_word' id='word_1_298' title='bbox 461 3695 525 3753; x_wconf 79' lang='grc'><strong>2,3.</strong></span> <span class='ocrx_word' id='word_1_299' title='bbox 543 3644 711 3745; x_wconf 38' lang='lat' dir='ltr'><strong><em>clitellam</em></strong></span> <span class='ocrx_word' id='word_1_300' title='bbox 727 3694 778 3743; x_wconf 73' lang='lat' dir='ltr'><strong><em>haec</em></strong></span> <span class='ocrx_word' id='word_1_301' title='bbox 790 3646 890 3762; x_wconf 45' lang='lat' dir='ltr'><strong><em>celludri.</em></strong></span> <span class='ocrx_word' id='word_1_302' title='bbox 921 3646 986 3744; x_wconf 58' lang='lat' dir='ltr'><strong><em>inani⁸</em></strong></span> <span class='ocrx_word' id='word_1_303' title='bbox 1001 3646 1196 3761; x_wconf 47' lang='lat' dir='ltr'><strong><em>:dalmaci</em></strong></span> <span class='ocrx_word' id='word_1_304' title='bbox 1204 3698 1327 3747; x_wconf 81' lang='lat' dir='ltr'><strong><em>etGolotir</em></strong></span> <span class='ocrx_word' id='word_1_305' title='bbox 1340 3648 1435 3745; x_wconf 55' lang='grc' dir='ltr'><strong><em>«Ἤ</em></strong></span> 
     </span>
     <span class='ocr_line' id='line_1_39' title="bbox 380 3757 1174 3825; baseline 0.004 -19"><span class='ocrx_word' id='word_1_306' title='bbox 380 3759 448 3807; x_wconf 80' lang='lat' dir='ltr'><strong><em>Suet.</em></strong></span> <span class='ocrx_word' id='word_1_307' title='bbox 457 3757 511 3807; x_wconf 75' lang='lat' dir='ltr'><strong><em>nb.</em></strong></span> <span class='ocrx_word' id='word_1_308' title='bbox 524 3763 548 3812; x_wconf 80' lang='lat'><strong><em>9.</em></strong></span> <span class='ocrx_word' id='word_1_309' title='bbox 566 3758 650 3809; x_wconf 79' lang='lat' dir='ltr'><strong><em>Vellei.</em></strong></span> <span class='ocrx_word' id='word_1_310' title='bbox 661 3761 686 3817; x_wconf 91' lang='grc'><strong>2,</strong></span> <span class='ocrx_word' id='word_1_311' title='bbox 694 3761 733 3808; x_wconf 83' lang='grc'><strong><em>94.</em></strong></span> <span class='ocrx_word' id='word_1_312' title='bbox 744 3760 784 3807; x_wconf 91' lang='lat' dir='ltr'><strong><em>ubi</em></strong></span> <span class='ocrx_word' id='word_1_313' title='bbox 806 3762 854 3825; x_wconf 86' lang='lat' dir='ltr'><strong><em>(abi</em></strong></span> <span class='ocrx_word' id='word_1_314' title='bbox 867 3780 888 3812; x_wconf 82' lang='lat' dir='ltr'><strong><em>v.</em></strong></span> <span class='ocrx_word' id='word_1_315' title='bbox 921 3762 993 3810; x_wconf 77' lang='lat' dir='ltr'><strong><em>oratis.</em></strong></span> <span class='ocrx_word' id='word_1_316' title='bbox 1025 3764 1063 3813; x_wconf 82' lang='lat' dir='ltr'><strong><em>Cf.</em></strong></span> <span class='ocrx_word' id='word_1_317' title='bbox 1073 3774 1123 3812; x_wconf 87' lang='lat' dir='ltr'><strong><em>not.</em></strong></span> <span class='ocrx_word' id='word_1_318' title='bbox 1135 3766 1174 3813; x_wconf 81' lang='grc'><strong><em>91.</em></strong></span> 
     </span>
     <span class='ocr_line' id='line_1_40' title="bbox 379 3822 1436 3890; baseline 0.004 -18"><span class='ocrx_word' id='word_1_319' title='bbox 379 3822 504 3890; x_wconf 82' lang='lat' dir='ltr'><strong><em>intpp.)et</em></strong></span> <span class='ocrx_word' id='word_1_320' title='bbox 517 3826 570 3874; x_wconf 85' lang='grc'><strong>122.</strong></span> <span class='ocrx_word' id='word_1_321' title='bbox 597 3824 888 3885; x_wconf 75' lang='grc' dir='ltr'><strong>Βίο19,111.14.53,33.</strong></span> <span class='ocrx_word' id='word_1_322' title='bbox 953 3826 976 3861; x_wconf 73' lang='grc'><strong><em>11)</em></strong></span> <span class='ocrx_word' id='word_1_323' title='bbox 992 3824 1030 3877; x_wconf 86' lang='lat' dir='ltr'><strong><em>Cl.</em></strong></span> <span class='ocrx_word' id='word_1_324' title='bbox 1041 3828 1124 3877; x_wconf 83' lang='lat' dir='ltr'><strong><em>Vellei.</em></strong></span> <span class='ocrx_word' id='word_1_325' title='bbox 1144 3828 1169 3885; x_wconf 94' lang='grc'><strong>2,</strong></span> <span class='ocrx_word' id='word_1_326' title='bbox 1188 3828 1227 3877; x_wconf 82' lang='lat'><strong><em>9⁰.</em></strong></span> <span class='ocrx_word' id='word_1_327' title='bbox 1267 3826 1316 3875; x_wconf 88' lang='lat' dir='ltr'><strong><em>Dio</em></strong></span> <span class='ocrx_word' id='word_1_328' title='bbox 1333 3828 1436 3883; x_wconf 62' lang='grc'><strong>4213.</strong></span> 
     </span>
     <span class='ocr_line' id='line_1_41' title="bbox 378 3887 1148 3955; baseline 0.001 -17"><span class='ocrx_word' id='word_1_329' title='bbox 378 3891 420 3948; x_wconf 78' lang='lat' dir='ltr'><strong><em>at,</em></strong></span> <span class='ocrx_word' id='word_1_330' title='bbox 428 3894 453 3941; x_wconf 85' lang='lat'><strong><em>9.</em></strong></span> <span class='ocrx_word' id='word_1_331' title='bbox 493 3887 592 3955; x_wconf 76' lang='lat' dir='ltr'><strong><em>loseph,</em></strong></span> <span class='ocrx_word' id='word_1_332' title='bbox 602 3888 656 3937; x_wconf 72' lang='lat' dir='ltr'><strong><em>al.</em></strong></span> <span class='ocrx_word' id='word_1_333' title='bbox 669 3890 698 3938; x_wconf 86' lang='grc'><strong><em>13</em></strong></span> <span class='ocrx_word' id='word_1_334' title='bbox 709 3901 768 3938; x_wconf 81' lang='lat' dir='ltr'><strong><em>extr.</em></strong></span> <span class='ocrx_word' id='word_1_335' title='bbox 783 3891 820 3947; x_wconf 86' lang='grc'><strong><em>15,</em></strong></span> <span class='ocrx_word' id='word_1_336' title='bbox 829 3895 853 3941; x_wconf 76' lang='grc'><strong><em>1.</em></strong></span> <span class='ocrx_word' id='word_1_337' title='bbox 866 3896 890 3941; x_wconf 74' lang='grc'><strong><em>5.</em></strong></span> <span class='ocrx_word' id='word_1_338' title='bbox 924 3888 1021 3954; x_wconf 78' lang='lat' dir='ltr'><strong><em>Appiam</em></strong></span> <span class='ocrx_word' id='word_1_339' title='bbox 1031 3892 1097 3943; x_wconf 89' lang='lat' dir='ltr'><strong><em>lil&#39;r.</em></strong></span> <span class='ocrx_word' id='word_1_340' title='bbox 1109 3894 1148 3941; x_wconf 83' lang='grc'><strong>28.</strong></span> 
     </span>
     <span class='ocr_line' id='line_1_42' title="bbox 378 3910 1440 4017; baseline 0 -14"><span class='ocrx_word' id='word_1_341' title='bbox 378 3956 444 4004; x_wconf 73' lang='grc' dir='ltr'><strong><em>οιΑ.</em></strong></span> <span class='ocrx_word' id='word_1_342' title='bbox 452 3956 473 4003; x_wconf 90' lang='grc'><strong><em>1.</em></strong></span> <span class='ocrx_word' id='word_1_343' title='bbox 486 3956 554 4011; x_wconf 83' lang='grc'><strong>1,18.</strong></span> <span class='ocrx_word' id='word_1_344' title='bbox 953 3957 974 3992; x_wconf 80' lang='lat'><strong><em>⁹¹</em></strong></span> <span class='ocrx_word' id='word_1_345' title='bbox 986 3958 1025 4006; x_wconf 87' lang='lat' dir='ltr'><strong><em>Sc.</em></strong></span> <span class='ocrx_word' id='word_1_346' title='bbox 1036 3910 1168 4013; x_wconf 56' lang='lat' dir='ltr'><strong><em>Micam,</em></strong></span> <span class='ocrx_word' id='word_1_347' title='bbox 1182 3956 1279 4005; x_wconf 74' lang='lat' dir='ltr'><strong><em>Statiani</em></strong></span> <span class='ocrx_word' id='word_1_348' title='bbox 1296 3956 1367 4017; x_wconf 73' lang='lat' dir='ltr'><strong><em>legal</em></strong></span> <span class='ocrx_word' id='word_1_349' title='bbox 1377 3954 1440 4003; x_wconf 77' lang='lat' dir='ltr'><strong><em>Aa·</em></strong></span> 
     </span>
     <span class='ocr_line' id='line_1_43' title="bbox 412 4018 1441 4086; baseline -0.001 -17"><span class='ocrx_word' id='word_1_350' title='bbox 412 4018 435 4055; x_wconf 78' lang='lat'><strong><em>⁸⁸</em></strong></span> <span class='ocrx_word' id='word_1_351' title='bbox 449 4020 488 4069; x_wconf 83' lang='lat' dir='ltr'><strong><em>Ct&#39;.</em></strong></span> <span class='ocrx_word' id='word_1_352' title='bbox 497 4032 602 4071; x_wconf 76' lang='lat' dir='ltr'><strong><em>auctam</em></strong></span> <span class='ocrx_word' id='word_1_353' title='bbox 611 4020 637 4068; x_wconf 90' lang='lat' dir='ltr'><strong><em>io</em></strong></span> <span class='ocrx_word' id='word_1_354' title='bbox 647 4030 703 4067; x_wconf 80' lang='lat' dir='ltr'><strong><em>nora</em></strong></span> <span class='ocrx_word' id='word_1_355' title='bbox 715 4020 754 4067; x_wconf 82' lang='grc'><strong>82.</strong></span> <span class='ocrx_word' id='word_1_356' title='bbox 763 4018 858 4069; x_wconf 80' lang='lat' dir='ltr'><strong><em>laudati.</em></strong></span> <span class='ocrx_word' id='word_1_357' title='bbox 921 4020 1007 4069; x_wconf 79' lang='lat' dir='ltr'><strong><em>roairai</em></strong></span> <span class='ocrx_word' id='word_1_358' title='bbox 1027 4036 1051 4071; x_wconf 77' lang='lat' dir='ltr'><strong><em>ee</em></strong></span> <span class='ocrx_word' id='word_1_359' title='bbox 1072 4022 1141 4086; x_wconf 80' lang='lat' dir='ltr'><strong><em>ipsius</em></strong></span> <span class='ocrx_word' id='word_1_360' title='bbox 1159 4021 1262 4071; x_wconf 82' lang='lat' dir='ltr'><strong><em>Antonii.</em></strong></span> <span class='ocrx_word' id='word_1_361' title='bbox 1296 4022 1375 4071; x_wconf 73' lang='lat' dir='ltr'><strong><em>ctae</em></strong></span> <span class='ocrx_word' id='word_1_362' title='bbox 1395 4020 1441 4068; x_wconf 74' lang='lat' dir='ltr'><strong><em>hin</em></strong></span> 
     </span>
     <span class='ocr_line' id='line_1_44' title="bbox 413 4082 1442 4151; baseline 0.002 -19"><span class='ocrx_word' id='word_1_363' title='bbox 413 4082 435 4115; x_wconf 78' lang='lat'><strong><em>⁸⁴</em></strong></span> <span class='ocrx_word' id='word_1_364' title='bbox 452 4086 482 4133; x_wconf 82' lang='grc' dir='ltr'><strong><em>Δ.</em></strong></span> <span class='ocrx_word' id='word_1_365' title='bbox 493 4082 524 4135; x_wconf 85' lang='lat' dir='ltr'><strong><em>V.</em></strong></span> <span class='ocrx_word' id='word_1_366' title='bbox 536 4087 593 4138; x_wconf 83' lang='lat'><strong><em>755.</em></strong></span> <span class='ocrx_word' id='word_1_367' title='bbox 631 4083 888 4135; x_wconf 61' lang='lat' dir='ltr'><strong><em>antonomasia</em></strong></span> <span class='ocrx_word' id='word_1_368' title='bbox 921 4085 990 4146; x_wconf 73' lang='lat' dir='ltr'><strong><em>rigni·</em></strong></span> <span class='ocrx_word' id='word_1_369' title='bbox 1008 4100 1033 4137; x_wconf 85' lang='lat' dir='ltr'><strong><em>er</em></strong></span> <span class='ocrx_word' id='word_1_370' title='bbox 1054 4088 1124 4151; x_wconf 76' lang='lat' dir='ltr'><strong><em>capas</em></strong></span> <span class='ocrx_word' id='word_1_371' title='bbox 1151 4099 1176 4134; x_wconf 86' lang='lat' dir='ltr'><strong><em>et</em></strong></span> <span class='ocrx_word' id='word_1_372' title='bbox 1197 4104 1218 4135; x_wconf 67' lang='lat' dir='ltr'><strong><em>a</em></strong></span> <span class='ocrx_word' id='word_1_373' title='bbox 1241 4087 1296 4135; x_wconf 85' lang='grc'><strong>732.</strong></span> <span class='ocrx_word' id='word_1_374' title='bbox 1316 4084 1442 4135; x_wconf 66' lang='lat' dir='ltr'><strong><em>naamit-</em></strong></span> 
     </span>
     <span class='ocr_line' id='line_1_45' title="bbox 380 4145 1440 4211; baseline 0.005 -14"><span class='ocrx_word' id='word_1_375' title='bbox 380 4145 525 4198; x_wconf 66' lang='lat' dir='ltr'><strong><em>Cernen.</em></strong></span> <span class='ocrx_word' id='word_1_376' title='bbox 922 4154 989 4200; x_wconf 84' lang='lat' dir='ltr'><strong><em>Suet.</em></strong></span> <span class='ocrx_word' id='word_1_377' title='bbox 1007 4155 1047 4202; x_wconf 88' lang='grc'><strong><em>21.</em></strong></span> <span class='ocrx_word' id='word_1_378' title='bbox 1080 4151 1164 4201; x_wconf 85' lang='lat' dir='ltr'><strong><em>Vellei.</em></strong></span> <span class='ocrx_word' id='word_1_379' title='bbox 1181 4155 1205 4211; x_wconf 90' lang='grc'><strong>2,</strong></span> <span class='ocrx_word' id='word_1_380' title='bbox 1217 4152 1256 4201; x_wconf 83' lang='grc'><strong>82.</strong></span> <span class='ocrx_word' id='word_1_381' title='bbox 1273 4152 1310 4199; x_wconf 85' lang='lat'><strong><em>91.</em></strong></span> <span class='ocrx_word' id='word_1_382' title='bbox 1341 4148 1440 4202; x_wconf 77' lang='lat' dir='ltr'><strong><em>lustin.</em></strong></span> 
     </span>
     <span class='ocr_line' id='line_1_46' title="bbox 413 4212 1438 4281; baseline 0.003 -19"><span class='ocrx_word' id='word_1_383' title='bbox 413 4214 436 4248; x_wconf 76' lang='lat'><strong><em>⁸⁵</em></strong></span> <span class='ocrx_word' id='word_1_384' title='bbox 453 4214 890 4276; x_wconf 68' lang='lat' dir='ltr'><strong><em>ctamnatan.a‘rae.ann.a,</em></strong></span> <span class='ocrx_word' id='word_1_385' title='bbox 921 4216 994 4272; x_wconf 70' lang='grc'><strong>425.</strong></span> <span class='ocrx_word' id='word_1_386' title='bbox 1034 4216 1107 4267; x_wconf 82' lang='lat' dir='ltr'><strong><em>Strab.</em></strong></span> <span class='ocrx_word' id='word_1_387' title='bbox 1118 4217 1175 4275; x_wconf 80' lang='grc'><strong>6,1,</strong></span> <span class='ocrx_word' id='word_1_388' title='bbox 1185 4220 1208 4266; x_wconf 93' lang='grc'><strong>2.</strong></span> <span class='ocrx_word' id='word_1_389' title='bbox 1219 4233 1241 4281; x_wconf 88' lang='lat' dir='ltr'><strong><em>p.</em></strong></span> <span class='ocrx_word' id='word_1_390' title='bbox 1252 4214 1305 4263; x_wconf 81' lang='grc'><strong>2811.</strong></span> <span class='ocrx_word' id='word_1_391' title='bbox 1334 4212 1438 4265; x_wconf 70' lang='lat' dir='ltr'><strong><em>eckha</em></strong></span> 
     </span>
     <span class='ocr_line' id='line_1_47' title="bbox 377 4276 1440 4345; baseline 0.003 -16"><span class='ocrx_word' id='word_1_392' title='bbox 377 4280 403 4329; x_wconf 84' lang='grc'><strong><em>3.</em></strong></span> <span class='ocrx_word' id='word_1_393' title='bbox 414 4281 438 4327; x_wconf 80' lang='lat' dir='ltr'><strong><em>l.</em></strong></span> <span class='ocrx_word' id='word_1_394' title='bbox 920 4280 993 4330; x_wconf 86' lang='lat' dir='ltr'><strong><em>doctr.</em></strong></span> <span class='ocrx_word' id='word_1_395' title='bbox 1005 4280 1066 4331; x_wconf 86' lang='lat' dir='ltr'><strong><em>NN.</em></strong></span> <span class='ocrx_word' id='word_1_396' title='bbox 1084 4283 1115 4332; x_wconf 86' lang='lat' dir='ltr'><strong><em>T.</em></strong></span> <span class='ocrx_word' id='word_1_397' title='bbox 1130 4282 1151 4332; x_wconf 88' lang='grc'><strong><em>6,</em></strong></span> <span class='ocrx_word' id='word_1_398' title='bbox 1163 4296 1186 4345; x_wconf 90' lang='lat' dir='ltr'><strong><em>p.</em></strong></span> <span class='ocrx_word' id='word_1_399' title='bbox 1199 4283 1238 4331; x_wconf 73' lang='lat'><strong><em>94.</em></strong></span> <span class='ocrx_word' id='word_1_400' title='bbox 1248 4294 1281 4341; x_wconf 84' lang='lat' dir='ltr'><strong><em>rq.</em></strong></span> <span class='ocrx_word' id='word_1_401' title='bbox 1290 4276 1341 4343; x_wconf 84' lang='lat' dir='ltr'><strong><em>(ubi</em></strong></span> <span class='ocrx_word' id='word_1_402' title='bbox 1355 4280 1440 4332; x_wconf 81' lang='lat' dir='ltr'><strong><em>etiam</em></strong></span> 
     </span>
    </p>
   </div>
   <div class='ocr_carea' id='block_1_8' title="bbox 411 4340 1442 4410">
    <p class='ocr_par' dir='ltr' id='par_1_11' title="bbox 411 4320 1572 4427">
     <span class='ocr_line' id='line_1_48' title="bbox 411 4340 1442 4410; baseline 0.002 -15"><span class='ocrx_word' id='word_1_403' title='bbox 411 4340 486 4395; x_wconf 60' lang='lat' dir='ltr'><strong><em>*ct</em></strong></span> <span class='ocrx_word' id='word_1_404' title='bbox 507 4345 572 4396; x_wconf 75' lang='lat' dir='ltr'><strong><em>Suet.</em></strong></span> <span class='ocrx_word' id='word_1_405' title='bbox 591 4363 612 4396; x_wconf 80' lang='lat' dir='ltr'><strong><em>a.</em></strong></span> <span class='ocrx_word' id='word_1_406' title='bbox 635 4348 676 4397; x_wconf 80' lang='grc'><strong><em>48.</em></strong></span> <span class='ocrx_word' id='word_1_407' title='bbox 698 4357 722 4395; x_wconf 83' lang='lat' dir='ltr'><strong><em>et</em></strong></span> <span class='ocrx_word' id='word_1_408' title='bbox 742 4348 772 4396; x_wconf 82' lang='lat' dir='ltr'><strong><em>de</em></strong></span> <span class='ocrx_word' id='word_1_409' title='bbox 793 4347 888 4410; x_wconf 74' lang='lat' dir='ltr'><strong><em>singulis</em></strong></span> <span class='ocrx_word' id='word_1_410' title='bbox 919 4346 1025 4407; x_wconf 73' lang='lat' dir='ltr'><strong><em>supplica</em></strong></span> <span class='ocrx_word' id='word_1_411' title='bbox 1039 4346 1177 4396; x_wconf 78' lang='lat' dir='ltr'><strong><em>exhibeatur</em></strong></span> <span class='ocrx_word' id='word_1_412' title='bbox 1193 4346 1281 4403; x_wconf 79' lang='lat' dir='ltr'><strong><em>Partiri,</em></strong></span> <span class='ocrx_word' id='word_1_413' title='bbox 1294 4344 1442 4407; x_wconf 65' lang='lat' dir='ltr'><strong><em>genuflexo</em></strong></span> 
     </span>
    </p>
   </div>
   <div class='ocr_carea' id='block_1_9' title="bbox 376 4410 1437 4546">
    <p class='ocr_par' dir='ltr' id='par_1_12' title="bbox 376 4410 1437 4546">
     <span class='ocr_line' id='line_1_49' title="bbox 376 4410 1274 4479; baseline 0.001 -21"><span class='ocrx_word' id='word_1_414' title='bbox 376 4410 454 4471; x_wconf 71' lang='lat' dir='ltr'><strong><em>regaie</em></strong></span> <span class='ocrx_word' id='word_1_415' title='bbox 472 4410 501 4459; x_wconf 83' lang='lat' dir='ltr'><strong><em>ab</em></strong></span> <span class='ocrx_word' id='word_1_416' title='bbox 511 4412 616 4473; x_wconf 76' lang='lat' dir='ltr'><strong><em>Augusto</em></strong></span> <span class='ocrx_word' id='word_1_417' title='bbox 633 4410 731 4461; x_wconf 77' lang='lat' dir='ltr'><strong><em>redditis</em></strong></span> <span class='ocrx_word' id='word_1_418' title='bbox 745 4415 818 4479; x_wconf 87' lang='lat' dir='ltr'><strong><em>intpp.</em></strong></span> <span class='ocrx_word' id='word_1_419' title='bbox 836 4412 886 4477; x_wconf 80' lang='lat' dir='ltr'><strong><em>ejus</em></strong></span> <span class='ocrx_word' id='word_1_420' title='bbox 918 4410 1041 4461; x_wconf 74' lang='lat' dir='ltr'><strong><em>offerentes</em></strong></span> <span class='ocrx_word' id='word_1_421' title='bbox 1052 4412 1127 4476; x_wconf 76' lang='lat' dir='ltr'><strong><em>aigae)</em></strong></span> <span class='ocrx_word' id='word_1_422' title='bbox 1141 4412 1189 4461; x_wconf 94' lang='lat' dir='ltr'><strong><em>Dio</em></strong></span> <span class='ocrx_word' id='word_1_423' title='bbox 1199 4414 1240 4470; x_wconf 75' lang='lat'><strong><em>⁵⁴,</em></strong></span> <span class='ocrx_word' id='word_1_424' title='bbox 1251 4414 1274 4461; x_wconf 84' lang='lat'><strong><em>8.</em></strong></span> 
     </span>
     <span class='ocr_line' id='line_1_50' title="bbox 376 4473 1437 4546; baseline 0.006 -21"><span class='ocrx_word' id='word_1_425' title='bbox 376 4473 422 4529; x_wconf 81' lang='lat' dir='ltr'><strong><em>loci</em></strong></span> <span class='ocrx_word' id='word_1_426' title='bbox 439 4476 463 4527; x_wconf 83' lang='lat' dir='ltr'><strong><em>&#39;et</em></strong></span> <span class='ocrx_word' id='word_1_427' title='bbox 482 4476 506 4527; x_wconf 89' lang='lat' dir='ltr'><strong><em>ia</em></strong></span> <span class='ocrx_word' id='word_1_428' title='bbox 522 4478 602 4543; x_wconf 75' lang='lat' dir='ltr'><strong><em>priario</em></strong></span> <span class='ocrx_word' id='word_1_429' title='bbox 611 4476 689 4529; x_wconf 72' lang='lat' dir='ltr'><strong><em>nora</em></strong></span> <span class='ocrx_word' id='word_1_430' title='bbox 704 4478 733 4529; x_wconf 77' lang='lat' dir='ltr'><strong><em>ad</em></strong></span> <span class='ocrx_word' id='word_1_431' title='bbox 744 4478 828 4531; x_wconf 77' lang='lat' dir='ltr'><strong><em>Ceaot.</em></strong></span> <span class='ocrx_word' id='word_1_432' title='bbox 838 4477 885 4530; x_wconf 81' lang='lat' dir='ltr'><strong><em>Pia.</em></strong></span> <span class='ocrx_word' id='word_1_433' title='bbox 949 4476 972 4515; x_wconf 72' lang='lat'><strong><em>⁹⁸</em></strong></span> <span class='ocrx_word' id='word_1_434' title='bbox 983 4477 1037 4532; x_wconf 86' lang='lat' dir='ltr'><strong><em>Scil.</em></strong></span> <span class='ocrx_word' id='word_1_435' title='bbox 1054 4494 1091 4541; x_wconf 80' lang='lat' dir='ltr'><strong><em>eo,</em></strong></span> <span class='ocrx_word' id='word_1_436' title='bbox 1106 4476 1165 4546; x_wconf 84' lang='lat' dir='ltr'><strong><em>quod</em></strong></span> <span class='ocrx_word' id='word_1_437' title='bbox 1180 4478 1205 4529; x_wconf 87' lang='lat' dir='ltr'><strong><em>ia</em></strong></span> <span class='ocrx_word' id='word_1_438' title='bbox 1220 4476 1337 4543; x_wconf 79' lang='lat' dir='ltr'><strong><em>Capitolio</em></strong></span> <span class='ocrx_word' id='word_1_439' title='bbox 1351 4487 1437 4531; x_wconf 77' lang='lat' dir='ltr'><strong><em>nnat·</em></strong></span> 
     </span>
    </p>
   </div>
   <div class='ocr_carea' id='block_1_10' title="bbox 1549 4520 1572 4563">
    <p class='ocr_par' dir='ltr' id='par_1_13' title="bbox 1549 4520 1572 4563">
     <span class='ocr_line' id='line_1_51' title="bbox 1549 4520 1572 4563; baseline 0 0"><span class='ocrx_word' id='word_1_440' title='bbox 1549 4520 1572 4563; x_wconf 63' lang='lat' dir='ltr'><strong><em>‘n</em></strong></span> 
     </span>
    </p>
   </div>
   <div class='ocr_carea' id='block_1_11' title="bbox 0 0 1596 5225">
    <p class='ocr_par' dir='ltr' id='par_1_14' title="bbox 0 0 1596 5225">
     <span class='ocr_line' id='line_1_52' title="bbox 0 0 1596 5225; baseline 0 0"><span class='ocrx_word' id='word_1_441' title='bbox 0 0 1596 5225; x_wconf 95' lang='lat' dir='ltr'><strong><em> </em></strong></span> 
     </span>
    </p>
   </div>
  </div>
 </body>
</html>
