3184 5225
379 216 394 253 Ι

385 353 446 408 aso
806 297 1009 402 murmuri

806 513 853 560 AD
870 513 930 560 tra.
946 511 1012 560 cxl.

408 586 412 594 ¹
432 608 550 671 Primus
564 608 683 669 bostem
699 607 846 688 percussit
868 625 964 687 nuper
978 602 1040 686 pilo
1055 614 1157 698 sumto
1173 596 1273 686 primo
1289 603 1326 668 C.
1341 603 1432 668 Cras·

389 709 497 827 miili&
507 789 554 826 vet.
564 779 651 826 Lucani
662 789 709 826 vu.
720 779 777 826 471.
800 777 925 832 Crastinus,
933 776 973 840 qui
983 791 1043 822 anno
1051 775 1125 838 priora
1135 777 1235 838 primurn
1245 775 1320 842 pilum
1330 776 1435 834 duxerat,

388 845 475 908 primus
484 845 558 892 telum
568 844 644 891 emisit
655 844 679 888 in
690 857 764 904 pugna
775 842 908 892 I’lrarrulicr.
944 841 996 888 vid.
1007 841 1107 906 Appim.
1120 839 1149 888 B.
1160 841 1190 888 C.
1201 843 1226 898 2.
1236 844 1274 891 82.
1296 841 1359 892 Plut.
1369 842 1432 890 caes.

388 927 413 974 p.
426 911 480 958 729.
512 909 573 958 Cn.
587 910 614 956 Β.
626 908 654 956 C.
665 909 689 954 3.
701 909 740 955 91.
752 910 792 958 99.

434 974 549 1039 Patavii
565 976 601 1038 C.
616 974 785 1053 Cornelius,
801 976 950 1058 auguralis
966 974 1099 1036 scientiae
1125 975 1250 1057 peritus,
1265 973 1342 1036 Livii
1365 973 1431 1034 his·
1493 973 1497 979 “

390 1063 480 1125 torici
495 1063 569 1124 civis
585 1062 793 1139 etfamiliaris,
805 1064 860 1124 sub
876 1063 955 1123 idem
972 1061 1051 1122 sorte
1067 1073 1185 1143 tempus
1200 1081 1323 1143 operam
1337 1059 1455 1128 dabat,

391 1150 535 1232 auspicio.
590 1148 651 1210 Hic
681 1149 823 1231 primum,
852 1161 887 1210 ut
917 1147 1019 1210 Livius
1049 1149 1154 1226 tradit,
1180 1160 1297 1230 tempus
1327 1145 1426 1229 proelii

393 1235 583 1316 (Pharsalici)
611 1236 764 1317 coguovit,
788 1236 1043 1317 praesentibusque
1066 1235 1129 1314 geri
1155 1233 1231 1294 dixit
1255 1254 1336 1294 nunc
1351 1253 1428 1309 rem,

390 1337 423 1385 et
445 1322 585 1404 proelium
605 1322 697 1382 duces
713 1322 914 1382 committere.
958 1319 1020 1380 Ubi
1042 1320 1152 1381 iterum
1169 1321 1251 1400 cepit
1271 1319 1431 1400 augurium

390 1409 608 1491 conspersitque
619 1409 717 1490 signa,
727 1407 876 1468 fanaticus
892 1406 1004 1467 exsiliit
1016 1404 1164 1466 clamans:
1191 1403 1309 1482 Vincis,
1321 1405 1432 1467 Caesar.

390 1494 683 1576 obstupescentibus
708 1494 778 1571 illis,
804 1494 855 1574 qui
882 1493 1020 1570 aderant,
1045 1493 1182 1554 detracta
1204 1492 1299 1572 capiti
1320 1511 1432 1553 corona

383 1579 507 1662 juravit,
523 1602 585 1642 non
600 1582 682 1663 prius
696 1601 730 1641 se
742 1581 942 1662 repositumm
958 1599 1037 1655 eam,
1048 1577 1213 1658 quarn-arti
1225 1577 1431 1660 respondisset

389 1679 523 1728 everrtus.
567 1665 637 1727 Hoc
653 1667 754 1728 Livius
768 1685 874 1727 verum
887 1686 952 1725 esse
968 1664 1118 1726 adfirmat.

422 1749 693 1814 rumenam.
726 1749 878 1800 cesano.
895 1747 973 1812 supp.
985 1747 1089 1797 cxl.72.
1112 1745 1175 1796 ceu.
1190 1745 1278 1802 15,10.
1322 1746 1434 1806 ruant,
1519 1735 1524 1744 '

390 1814 444 1866 192.
476 1815 524 1864 Dio
533 1828 557 1865 et
567 1813 656 1877 Obseq.

802 1928 849 1976 AD
865 1928 926 1977 ΗΒ.
941 1927 1019 1976 CXll.

433 2023 665 2104 Quadringenta
689 2022 786 2083 millia
812 2020 954 2082 libromnr
981 2018 1170 2080 Alexandria
1190 2028 1334 2093 arserunt,
1356 2017 1425 2099 pul·

390 2110 573 2171 uberrimum
600 2109 688 2189 regim
724 2109 886 2191 opulentiae
912 2107 1144 2168 monimentum.
1200 2105 1284 2166 Alius
1320 2103 1427 2165 lauda-

388 2198 474 2273 verit,
498 2196 577 2256 sicut
600 2193 721 2273 Livius3
742 2195 793 2275 qui
818 2194 975 2274 elegantiae
995 2213 1098 2276 regum
1120 2211 1255 2274 curaeque
1276 2191 1431 2273 egregium

390 2282 422 2344 id
436 2302 513 2364 opus
527 2282 571 2342 ait
586 2281 687 2343 fuisse.

422 2365 552 2412 &nendo
569 2363 655 2426 Tranq.
673 2367 777 2413 rn.c.9.
811 2363 844 2412 Ci
858 2362 928 2412 Oros.
946 2361 1020 2419 6,15.
1051 2360 1098 2423 uto
1116 2362 1205 2420 ⁴2,ss
1239 2359 1330 2426 Hrynii
1344 2360 1431 2426 Opust.

388 2430 667 2492 Aeculanum.
714 2437 724 2446 ’

793 2539 842 2587 AD
859 2539 917 2587 LlB.
935 2538 1024 2596 cxlv.

433 2634 507 2697 Haec
532 2635 570 2695 de
594 2632 690 2695 Basso
714 2634 848 2716 produnt
870 2634 1026 2708 nonnulli;
1062 2630 1164 2694 Livius
1179 2654 1257 2712 vero,
1280 2634 1429 2697 militasse

391 2742 460 2783 eum
477 2719 614 2802 Pompeii
629 2721 768 2803 auspiciis
783 2743 790 2781 :
815 2741 875 2801 quo
886 2721 968 2781 victo
983 2719 1132 2801 privatum
1149 2721 1243 2801 egisse
1255 2718 1339 2804 Tyri,
1359 2742 1430 2782 cor-

389 2807 546 2890 ruptisque
557 2808 736 2887 quibusdam
752 2806 924 2887 legionariis
935 2806 1079 2883 effecisse,
1092 2818 1137 2883 ut,
1152 2805 1309 2867 interfecto
1321 2802 1431 2886 Sexto,

389 2895 489 2975 ipsum
503 2894 559 2953 sibi
577 2894 685 2954 ducem
701 2905 866 2954 sumerent.

421 2977 520 3039 Appirn.
533 2976 562 3023 B.
575 2977 604 3024 C.
618 2990 657 3023 ιιι.
670 2977 707 3025 77.
720 2976 760 3023 ubi
771 2992 813 3039 pro
823 2974 910 3028 Λίβωνι
918 2976 1039 3036 legendum
1050 2989 1099 3021 esse
1109 2972 1183 3035 Λιβίῳ
1197 2986 1269 3033 recte,
1277 2976 1365 3039 opinor,
1374 2992 1431 3025 eun·

386 3041 445 3105 jecit
456 3041 584 3101 Schweigb.
597 3040 678 3101 etjam
690 3052 743 3088 ante
754 3057 808 3088 eum
821 3040 896 3087 Perit.
909 3042 986 3087 urim.
997 3040 1059 3087 Hist.
1070 3056 1093 3087 c.
1101 3041 1124 3086 4.
1136 3054 1160 3101 p.
1172 3042 1216 3089 177
1217 3074 1226 3088 .

433 3107 579 3191 Optarem
591 3110 666 3170 mihi
677 3110 866 3189 contingere,
879 3109 960 3187 quod
970 3105 1009 3168 Τ.
1021 3106 1123 3169 Livius
1132 3108 1237 3169 scribit
1248 3109 1286 3169 de
1297 3108 1431 3173 Catone:

390 3194 475 3276 cujus
490 3196 593 3275 gloriae
616 3215 713 3275 neque
736 3194 852 3276 profuit
867 3194 1024 3275 quisquam
1041 3192 1203 3270 laudando,
1226 3215 1283 3255 nec
1297 3196 1434 3280 vituper-

390 3282 471 3345 ando
487 3283 644 3361 quisquam
668 3283 781 3357 nocuit,
797 3300 889 3361 quum
916 3292 1073 3362 utrumque
1089 3280 1214 3339 summis
1238 3282 1357 3363 praediti
1385 3282 1433 3345 fe·

390 3368 487 3429 cerint
502 3368 641 3448 ingeniis.
675 3366 835 3447 Significat
861 3378 961 3427 autem
989 3365 1035 3427 M.
1058 3364 1236 3427 Ciceronem
1262 3381 1294 3429 et
1317 3368 1433 3431 (λθε-

389 3474 499 3529 sarem,
515 3475 643 3534 (prorum
659 3454 735 3514 alter
750 3453 865 3531 laudes,
889 3453 964 3513 alter
979 3453 1211 3535 vituperationes
1236 3474 1327 3536 supra
1357 3454 1433 3518 dicti

1056 2890 1059 2898 r

245 3577 249 3583 ·
333 3612 337 3617 ,
389 3540 511 3621 scripsit
526 3540 589 3601 viri.

420 3622 519 3671 Hieron.
532 3623 594 3671 Prol.
604 3622 643 3670 lib.
659 3634 686 3669 rr.
698 3623 721 3669 ln
730 3622 823 3671 Oserrn.

794 3755 842 3802 nt)
858 3754 925 3803 LlB.
944 3754 1034 3805 CXVI.

430 3847 560 3911 AEdibus
576 3845 702 3907 Caesaris
718 3859 842 3907 ornatus
863 3845 1090 3929 majestatisque
1109 3869 1216 3911 caussa
1229 3870 1267 3910 ex
1291 3864 1434 3914 senatus-

388 3936 526 3997 consulto
542 3934 720 4015 adjunctum
737 3946 803 3994 erat
818 3933 983 4011 fastigium,
1007 3946 1041 3995 ut
1056 3947 1160 3996 auctor
1175 3947 1222 3996 est
1237 3935 1347 3999 Livius.
1396 3936 1434 3999 lcl

387 4042 441 4102 per
457 4022 589 4101 quietem
615 4018 780 4101 Calpurnia
796 4018 904 4079 collabi
929 4021 1099 4100 imaginata
1122 4021 1280 4084 videbatur
1302 4024 1360 4084 sibi
1385 4024 1433 4085 la·

388 4107 516 4166 mentori
533 4120 565 4169 et
580 4106 660 4166 llere.
706 4104 814 4184 ltaque
830 4116 897 4165 orta
919 4106 986 4167 luce
1004 4108 1120 4187 rogavit
1140 4104 1300 4186 Caesarem,
1326 4110 1431 4191 siqua

387 4191 452 4251 fieri
473 4205 585 4271 posset,
612 4212 651 4251 ne
675 4191 811 4274 prodiret
832 4192 862 4251 in
885 4192 1050 4274 publicum,
1073 4193 1180 4254 sedin
1205 4194 1287 4255 aliud
1310 4207 1432 4278 tempus

388 4287 528 4336 senatum
543 4276 690 4357 rejiceret.

421 4358 482 4406 Plru.
495 4357 556 4405 Cres.
568 4376 591 4421 p.
601 4360 656 4410 738.
689 4360 726 4408 [f.
739 4362 803 4410 Suet.
820 4359 879 4409 Cas.
891 4360 930 4408 81.
945 4360 1021 4423 ibique
1033 4361 1104 4425 intpp.
