3184 5225
384 348 442 401 104
799 338 887 423 ιΤΙΤΙ
907 324 1008 397 L1V11

216 502 360 555 U.c.582.
385 506 451 557 turn
476 504 579 557 tamen
601 505 634 553 et
654 488 800 553 Gentium
822 488 993 575 lllyriorum
1017 510 1120 571 regem
1144 489 1308 552 habebant.
1332 491 1437 575 itaque

217 566 293 682 ᾗῇ·
308 567 362 679 Ῑῶθ·
387 592 419 642 et
440 593 512 642 octo
527 598 619 640 naves
634 589 756 639 ornatas
772 598 791 637 a
805 574 967 639 Brundisio
983 588 1105 638 senatus
1126 576 1244 637 censuit
1270 576 1438 639 mittendas

219 640 373 759 ήωῗωζ
386 666 427 729 sd
449 664 486 727 C.
509 664 631 725 Furium
654 662 789 745 legatum
813 660 919 741 Issam,
954 663 1004 743 qui
1032 682 1100 723 cum
1130 660 1271 743 prasidio
1308 662 1438 725 duarum

386 750 549 815 Issensium
573 748 696 810 navium
718 749 820 810 insulae
835 759 971 831 praeerat.
988 745 1049 810 duo
1064 747 1161 809 millio
1175 747 1306 809 militum
1329 749 1361 810 in
1384 770 1436 810 eas

386 857 478 899 naves
492 846 563 897 sunt
577 834 721 917 inposita,
743 854 809 915 quas
831 832 870 904 Q.
892 832 1022 896 Manius
1044 846 1153 917 prator
1176 855 1215 895 ex
1237 846 1436 898 senatuscon-

388 921 469 985 tulto
485 920 517 982 in
532 941 570 983 ea
583 932 671 1003 parte
694 918 799 997 ltaliae,
823 941 888 1001 quae
910 918 1033 999 objecto
1056 918 1177 1004 illyrico
1199 932 1258 999 est,
1280 923 1435 1003 conscrip-

387 1009 448 1069 sit:
487 1018 519 1069 et
548 1006 653 1067 consul
685 1003 837 1068 Hostilius
860 1006 921 1088 Ap.
944 1004 1105 1091 Claudiurn
1129 1008 1159 1067 in
1183 1005 1334 1089 Illyricum
1365 1026 1436 1066 eum

387 1092 516 1177 quatuor
538 1092 671 1153 millibus
694 1092 832 1173 peditum
855 1092 949 1169 misit,
972 1104 1006 1153 ut
1028 1092 1151 1153 adcolas
1174 1089 1286 1175 Illyrici
1311 1094 1432 1152 ⁴³tuta·

341 1178 344 1183 ’
387 1190 502 1241 rentur.
524 1179 587 1260 qui,
602 1198 664 1239 non
687 1190 849 1240 contentus
871 1178 919 1257 iis,
935 1198 1008 1260 quas
1024 1178 1204 1256 adduxerat,
1224 1176 1328 1258 copiis,
1344 1177 1432 1237 auxi·

387 1263 432 1325 lia
454 1265 492 1325 ab
514 1264 604 1325 sociis
626 1264 834 1345 conrogando,
866 1264 906 1325 ad
937 1276 1009 1325 octo
1040 1262 1137 1325 millia
1168 1262 1323 1325 hominum
1348 1263 1435 1323 vario

387 1370 500 1431 genere
515 1349 662 1411 armavit:
686 1362 903 1433 peragrataque
919 1351 1002 1411 omni
1022 1371 1058 1411 ea
1080 1351 1215 1429 regione,
1237 1347 1276 1408 ad
1299 1344 1434 1429 Lychni-

390 1435 462 1497 dum
484 1434 729 1497 Dassaretiorum
745 1434 893 1497 consedit.
962 1459 969 1469 ·

237 1588 244 1600 ,
337 1549 349 1563 ·
431 1518 473 1583 Χ.
488 1518 782 1600 Haudproculinde
797 1518 923 1581 Uscana
937 1520 1084 1601 oppidum
1096 1518 1201 1579 finium
1217 1518 1437 1601 “plerumque

339 1652 362 1691 ·.
389 1604 489 1669 Persei
505 1619 580 1666 erat
595 1604 701 1665 decem
717 1604 813 1664 millia
834 1605 943 1665 civium
964 1604 1106 1680 habebat,
1128 1616 1161 1665 et
1182 1604 1348 1682 modicum,
1364 1626 1435 1679 cus<

388 1688 479 1755 todiae
501 1710 619 1767 caussa,
642 1686 831 1751 Cretensium
852 1689 1032 1770 praesidium.
1077 1688 1151 1751 lude
1166 1690 1269 1751 nuncii
1285 1691 1326 1752 ad
1341 1690 1436 1753 Clau·

389 1776 473 1840 dium
489 1774 601 1839 occulti
616 1774 796 1837 veniebant:
814 1774 869 1836 ‘Si
881 1776 1005 1857 propius
1018 1776 1122 1858 copias
1134 1776 1329 1854 admovisset,
1344 1798 1432 1860 para—

388 1862 401 1897 ‘
416 1874 464 1925 tos
480 1861 555 1939 fore,
571 1856 632 1943 qni'
638 1858 801 1944 proderent
814 1862 927 1923 urbem.
964 1858 1010 1924 Et
1025 1864 1265 1945 operaepretium
1279 1884 1355 1941 esse,
1371 1885 1434 1925 non

374 1948 400 1983 '‘
415 1970 448 2010 se
464 1948 638 2030 amicosque
651 1958 781 2025 tantum,
792 1948 847 2009 sed
859 1948 952 2010 etiarn
968 1948 1080 2011 milites
1100 1948 1200 2031 praeda
1220 1948 1434 2032 expleturum.’

388 2030 466 2118 Spes
488 2028 651 2119 cupiditati
683 2034 810 2097 admota
836 2036 880 2097 ita
901 2034 1065 2097 otescavit
1092 2036 1237 2114 animum,
1260 2048 1294 2099 ut
1316 2056 1373 2097 nec
1396 2056 1438 2097 ex

387 2122 436 2200 iis,
459 2122 511 2203 qui
525 2119 708 2199 veneruntl,
732 2141 915 2203 quemquam
940 2122 1102 2200 retineret;
1129 2143 1186 2185 nec
1212 2122 1340 2199 obsides,
1365 2123 1436 2203 pig-

387 2228 446 2293 nus
460 2207 578 2271 futuros
594 2207 674 2269 furto
689 2219 721 2269 et
737 2208 843 2270 fraude
863 2208 988 2290 agendos
1014 2210 1068 2286 rei,
1094 2220 1231 2290 posceret
1238 2231 1249 2285 3
1276 2229 1332 2269 nec
1360 2209 1434 2277 mit-¹

386 2306 467 2357 teret
481 2295 690 2377 exploratum,
714 2314 770 2356 nec
795 2294 886 2355 fidem
914 2295 1075 2377 acciperet.
1097 2295 1146 2356 die
1172 2306 1290 2357 tantum
1315 2306 1437 2356 statuta

388 2381 543 2461 profectus
557 2403 576 2442 a
591 2378 763 2462 Lychnido,
790 2380 952 2443 duodecim
981 2382 1076 2442 millia
1102 2382 1140 2442 ab
1165 2382 1250 2455 urbe,
1274 2380 1315 2442 ad
1341 2400 1433 2463 qnam

388 2467 546 2544 tendebat,
576 2467 677 2547 posuit
699 2478 809 2550 castra.
864 2465 981 2536 Quarto
1002 2467 1072 2529 inde
1094 2466 1198 2547 vigilia
1218 2468 1307 2548 signs
1329 2468 1437 2543 movit,

388 2550 473 2614 mille
495 2551 589 2613 ferum
612 2550 651 2614 ad
672 2552 843 2634 praesidium
867 2565 1035 2616 castrorum
1060 2553 1191 2616 relictis:
1227 2552 1434 2636 incompositi,

387 2637 483 2720 longo
519 2637 642 2719 agmine
674 2638 771 2716 effusi,
797 2638 1013 2720 infrequentes,
1040 2660 1132 2721 quum
1159 2651 1322 2702 nocturnus
1352 2659 1435 2700 error

389 2724 560 2806 dissiparet,
576 2725 615 2786 ad
630 2723 736 2786 urbem
751 2737 961 2808 pervenemut.
1007 2725 1110 2788 Crevit
1124 2726 1324 2809 neglegentia,
1344 2736 1431 2808 post·

366 2829 482 2891 ·quam
505 2810 657 2872 neminem
682 2822 832 2872 armatum
854 2811 885 2872 in
900 2812 994 2874 muris
1008 2813 1157 2874 viderunt.
1200 2811 1352 2892 Ceterum,
1379 2812 1432 2872 ubi

388 2896 521 2979 primum
537 2897 593 2958 sub
603 2895 691 2979 jactu
705 2897 758 2958 teli
774 2897 904 2976 fuerunt,
929 2899 1044 2960 duabus
1068 2899 1156 2960 simul
1179 2898 1273 2981 portis
1296 2891 1436 2978 erumpi·¹

389 2996 459 3062 tur,
483 2982 570 3045 etad
585 2983 750 3046 clamorem
765 2983 988 3066 erumpentium
1004 2985 1110 3067 ingens
1130 2985 1270 3066 strepitus
1292 3003 1310 3044 e
1335 2984 1433 3043 muris

389 3083 475 3132 ortus
504 3069 682 3131 ululantium
704 3070 864 3132 mulierum
887 3090 957 3130 cum
980 3073 1096 3152 crepitu
1119 3070 1250 3152 undique
1272 3070 1358 3131 reris:
1398 3082 1432 3130 et

388 3155 547 3218 incondita
580 3156 754 3234 multitudo,
787 3157 876 3218 turba
898 3156 1028 3218 inmixta
1050 3157 1159 3234 servili,
1185 3155 1274 3215 variis
1307 3155 1433 3215 vocibus

387 3243 581 3324 personabat.
638 3239 699 3304 Hic
723 3255 786 3304 tam
809 3242 968 3324 multiplex
985 3243 1130 3322 'undique
1164 3239 1302 3323 objectus
1335 3253 1433 3302 terror

387 3329 500 3408 effecit,
521 3349 560 3390 ne
586 3328 734 3388 sustinere
759 3328 888 3408 primam
914 3328 1080 3409 procellam
1110 3327 1279 3409 eruptionis
1302 3325 1432 3388 Romani

387 3427 523 3496 possent.
567 3412 675 3492 ltaque
701 3413 852 3493 fugientes
878 3413 988 3494 plures,
1015 3432 1105 3496 quam
1132 3427 1314 3496 pugnantes,
1336 3414 1432 3474 inter·

388 3501 464 3562 emti
498 3509 581 3559 sunt:
608 3499 668 3558 tvix
700 3499 761 3560 duo
787 3499 885 3559 millia
915 3498 1071 3560 homiuum
1096 3519 1164 3561 cum
1188 3501 1254 3580 ipso
1277 3499 1378 3580 legato
1400 3501 1435 3558 in

387 3598 492 3652 castra
505 3583 712 3668 perfugerunt.
755 3583 827 3655 Quo
843 3585 961 3666 longius
985 3585 1041 3646 iter
1057 3585 1087 3646 in
1103 3596 1203 3647 castra
1219 3597 1294 3664 erat,
1310 3605 1346 3645 co
1361 3585 1430 3664 plu-

387 3697 436 3737 res
459 3673 555 3735 sessos
577 3672 773 3735 consectandi
804 3671 944 3734 hostibus
972 3671 1060 3753 copia
1093 3671 1162 3733 fuit.
1216 3669 1265 3733 Ne
1297 3683 1436 3732 moratus

357 3791 369 3808 ·
388 3761 513 3844 quidem
528 3760 560 3822 in
574 3760 682 3822 castris
696 3758 825 3842 Appius,
845 3771 881 3821 ut
895 3779 965 3820 suos
981 3759 1143 3839 dissipatos
1168 3757 1240 3838 luga
1262 3757 1433 3836 colligeret,

389 3847 469 3933 (quae
495 3867 541 3909 res
563 3846 673 3930 palatis
695 3866 749 3929 per
774 3866 863 3926 agros
897 3845 986 3923 saluti
1019 3844 1135 3924 suisset)
1172 3843 1211 3905 ad
1238 3841 1432 3926 Lychnidum

386 3935 527 4016 protinus
542 3932 684 4014 reliquias
703 3931 798 3993 cladis
814 3932 945 3994 reduxit.
1232 3933 1240 3950 ‘

429 4017 488 4080 Xl.
514 4019 588 4081 Hac
603 4031 636 4080 et
650 4017 720 4096 nlia,
738 4019 822 4080 haud
845 4039 987 4102 prospere
1012 4021 1043 4080 in
1067 4017 1251 4080 Macedonia
1270 4028 1368 4099 gesta,
1394 4037 1433 4078 ex

388 4102 463 4168 Sex.
476 4102 594 4185 Digdtio
609 4105 732 4167 tribuno
758 4103 903 4184 militum,
929 4109 979 4187 qui
1002 4105 1140 4167 sacrificii
1166 4124 1273 4166 caussa
1299 4101 1431 4164 Romam

765 4218 892 4277 ¹ceturam
904 4227 977 4276 Gron.
989 4229 1057 4278 Cres.

423 4318 446 4352 ⁴³
460 4313 607 4378 Tutcmtur]
639 4317 716 4380 Magis
736 4317 837 4382 placeret
859 4327 895 4366 tn·
928 4316 1164 4367 finibusMreedonioe
1180 4325 1206 4364 et
1224 4311 1308 4378 lllyrici
1325 4313 1438 4376 positum,

392 4391 493 4438 tamum
509 4381 621 4443 nempeh
640 4383 773 4432 ‚Claudius
928 4385 996 4432 modo
1013 4385 1093 4447 hujus,
1109 4383 1177 4430 modo
1194 4379 1256 4428 illius
1275 4377 1366 4426 ditionis
1384 4375 1438 4425 sue·

424 4398 639 4510 ⁴⁴‘Plerumques
664 4446 719 4497 Hoc
744 4449 851 4514 oppidum
872 4449 895 4496 in
928 4461 978 4511 rat,
1000 4451 1048 4507 sed,
1069 4458 1095 4498 ut
1116 4447 1249 4512 plurimum,
1269 4443 1437 4493 Macedonicos.
