3184 5225
508 324 587 385 LlB.
604 326 714 388 xum.
734 328 818 389 cnr.
831 328 918 389 xlx.
1163 334 1220 393 tlt

171 476 313 541 infestum
336 496 402 541 esse
431 474 622 543 Macedonia
644 480 734 561 latus,
763 482 846 567 quod
868 483 907 545 ab
933 480 1053 565 Illyrico
1082 492 1212 564 pateret,
1225 494 1366 553 theson.

170 583 307 641 centens,
322 584 421 644 neque
444 565 516 647 ipsis
539 567 649 649 quietis
664 564 784 652 Illyriis,
807 579 841 631 et
853 571 866 607 ¹
877 566 994 631 aditum
1008 568 1210 651 prebentibus
1222 560 1296 616 Μ·
1306 559 1362 618 ¹⁶⁹·

169 648 328 729 Romanis,
343 650 368 711 si
394 649 560 713 domuisset
582 654 738 735 proximos
762 652 943 737 Illyrium,
964 652 1109 717 Gentium
1130 674 1208 737 quo·
1389 684 1396 699 .

169 755 229 817 que
244 756 345 818 regem
357 734 422 815 jem
439 736 491 798 diu
514 736 637 801 dubium
653 739 684 801 iu
698 740 876 803 societatem
890 738 995 822 perlici
1017 759 1116 823 posse,
1137 760 1208 817 cum

170 820 277 883 decens
293 821 425 883 millibus
445 822 595 905 peditum,
610 844 737 905 quorum
758 846 830 908 pars
850 824 1038 907 phalangitae
1057 835 1154 903 erant,
1175 836 1209 895 et

169 905 286 970 duobus
308 906 441 970 millibus
455 908 565 971 levium
592 922 789 989 armatorum,
804 922 837 974 et
858 910 1031 993 quingentis
1056 911 1208 993 equitibus

167 994 334 1075 proiectus,
363 990 524 1057 Stuberam
560 995 653 1058 venit.
710 994 786 1059 lude
815 996 968 1060 frumento
1004 996 1207 1081 complurium

167 1078 284 1141 dierum
306 1091 418 1157 sumto,
436 1078 582 1163 jussoque
611 1082 758 1165 adparatu
788 1082 1063 1164 obpugnandorum
1087 1082 1207 1151 urbium

165 1166 262 1245 aequi,
279 1167 370 1228 tertio
385 1165 445 1244 die,
460 1166 523 1229 ⁸ad
538 1164 694 1229 Uscanam
713 1166 737 1247 (⁴
750 1166 936 1231 Penestiam
950 1179 1038 1229 terrae
1052 1187 1092 1232 ea
1104 1168 1205 1229 maxi·

165 1268 216 1311 ma
230 1252 302 1313 urbs
317 1252 376 1331 est)
401 1252 504 1335 posuit
518 1264 638 1315 castrat
671 1254 755 1336 prius
770 1264 884 1331 tamen,
906 1273 998 1334 quam
1012 1252 1074 1314 rim
1095 1252 1206 1315 edmo-

165 1347 259 1415 seret,
296 1338 407 1416 missis,
438 1338 490 1419 qui
521 1348 675 1401 tentarent
708 1358 787 1401 nuuc
821 1338 1030 1421 prefectorum
1062 1336 1207 1419 presidii,

163 1440 246 1485 nunc
276 1422 498 1506 oppidanorum
520 1424 648 1487 animos.
677 1436 743 1487 erat
765 1435 866 1487 autem
891 1423 1025 1486 ibicum
1046 1420 1206 1503 juventute

164 1504 336 1591 Illyriorum
364 1508 536 1571 Romanum
562 1509 745 1593 presidium.
804 1509 968 1591 Postquam
994 1508 1071 1571 nihil
1100 1507 1204 1593 pocati

161 1594 344 1673 referebant,
365 1595 540 1677 obpugnare
566 1606 613 1657 est
639 1595 773 1673 udonus,
799 1607 831 1659 et
856 1615 970 1657 corona
995 1615 1064 1657 cam
1094 1614 1204 1681 capere

160 1692 291 1743 conatu
305 1693 363 1743 est.
385 1700 478 1761 quum
493 1680 558 1745 siue
580 1681 803 1744 intermissione
824 1680 956 1745 interdiu
977 1692 1130 1761 noctuque
1151 1678 1206 1751 alii

158 1765 231 1827 aliis
245 1766 454 1847 succedentes,
477 1772 489 1807 ³
496 1788 567 1849 pars
580 1767 677 1829 scalas
693 1768 797 1847 muris,
812 1768 916 1849 ignem
935 1767 1032 1849 portis
1047 1764 1205 1847 inferrent,

157 1852 353 1915 sustinebant
377 1864 481 1917 tumen
506 1874 575 1915 earn
598 1864 814 1936 tempestatem
834 1864 1074 1938 propugnatores
1096 1852 1204 1932 urbist

157 1938 233 2018 quia
247 1958 317 2021 spes
332 1948 408 2018 erat,
429 1960 528 2021 neque
543 1940 651 2003 hiemis
664 1940 726 2003 vim
749 1940 862 2003 diutius
877 1939 942 2023 pati
957 1935 1146 2040 chedouas
1167 1937 1202 2038 in
1320 1945 1323 1951 '

154 2035 406 2193 etune
420 2026 543 2175 net
558 2024 1204 2195 Ruutnnuteltf‘u

154 2214 268 2276 resque
291 2198 417 2261 excitari
438 2197 588 2277 viderunt,
609 2198 691 2261 vieta
711 2199 882 2281 pertinacia
896 2209 953 2260 est.
974 2216 1058 2274 uem,
1079 2206 1204 2279 preter-

153 2300 252 2363 quam
270 2284 353 2364 quod
376 2283 517 2345 adversus
535 2284 597 2345 vim
612 2304 698 2365 pares
720 2304 783 2346 uon
805 2294 902 2362 eraut,
917 2304 957 2345 ne
976 2279 1119 2345 immenti
1133 2280 1202 2363 qui-

152 2366 230 2429 dem
246 2382 302 2431 eut
316 2369 405 2430 ullius
420 2368 543 2431 alterius
559 2369 602 2431 rei
626 2370 716 2451 copia
729 2371 811 2432 iutus
826 2381 903 2447 erat,
922 2368 1004 2430 utin
1018 2366 1204 2448 necopinata

148 2452 329 2515 obsidione.
374 2452 481 2534 ltaque
509 2473 601 2535 quum
628 2456 693 2537 spei
715 2456 790 2517 nihil
816 2456 857 2517 ad
882 2452 1082 2518 resistendum
1108 2459 1202 2529 esset,

150 2536 191 2601 C.
216 2538 367 2601 Carvilius
390 2536 568 2622 Spoletinus
590 2550 622 2601 et
644 2538 680 2602 C.
694 2539 837 2603 Afranius
858 2562 879 2603 n
896 2537 1036 2623 presidio
1057 2536 1201 2599 Romano

149 2625 252 2704 missi,
276 2626 326 2706 qui
343 2647 363 2688 a
377 2624 485 2686 Perseo
506 2635 656 2706 peterent,
670 2626 780 2709 primo,
802 2639 838 2690 ut
859 2639 995 2688 armatos
1015 2642 1128 2704 suaque
1149 2643 1200 2686 se·

127 2731 226 2774 'eum
250 2710 380 2774 ferentes
395 2711 479 2773 ebire
494 2711 626 2790 sineret;
661 2710 743 2789 dein,
765 2711 791 2774 si
813 2710 847 2774 id
868 2711 967 2773 minus
989 2709 1201 2793 impetrarent,

148 2796 223 2858 vite
238 2809 360 2860 tantum
387 2796 594 2878 libertatisque
616 2796 709 2860 fidem
732 2798 915 2881 acciperent.
959 2793 1143 2858 Promissum
1164 2793 1200 2856 id

151 2883 315 2966 benignius
344 2895 392 2946 est
421 2883 460 2944 ab
489 2903 571 2964 rege,
600 2903 692 2964 quam
719 2885 897 2966 prestitum.
922 2881 1006 2944 exire
1032 2881 1114 2945 euim
1141 2900 1199 2941 sua

147 2989 258 3033 secum
279 2969 470 3033 efferentibus
491 2967 586 3050 ‘jussis
608 2971 621 3010 ⁶
633 2969 765 3052 primum
793 2989 879 3032 mma
904 2967 1030 3050 adeunt.
1051 2966 1099 3028 bis
1121 2965 1197 3028 urbe
1300 3037 1305 3044 .

150 3054 292 3136 cgreois,
304 3067 336 3118 et
344 3053 513 3138 lllyriorum
524 3055 644 3134 cohors,
663 3053 834 3138 (quingenti
848 3054 948 3136 erent)
960 3064 994 3118 et
1004 3050 1196 3122 Uscanenses

149 3159 188 3204 ee
204 3141 366 3220 urbemque
377 3140 569 3202 dediderunt.
1101 3195 1105 3207 .

197 3223 288 3288 XIX.
308 3225 440 3308 Perseus,
467 3225 608 3312 presidio
637 3224 768 3293 Uscanae
797 3229 943 3312 inposito,
966 3225 1194 3292 multitudinem

148 3405 176 3447 et
195 3403 261 3444 reete
279 3396 377 3458 quidem.
408 3395 510 3446 Pertinet
528 3395 591 3447 enirn
606 3397 654 3446 hcc
685 3395 1115 3462 llestnius,utetplseuit<3rcaosio.
1138 3394 1191 3448 Alii

148 3461 247 3510 verbum
266 3461 295 3508 ed
306 3461 460 3524 Cotynsimul
476 3471 501 3509 et
518 3459 653 3526 Cephalum.
684 3463 783 3510 satim.

149 3525 304 3574 ermom
319 3525 431 3578 editiones
444 3527 553 3576 mendose
567 3525 654 3574 habeut
718 3525 804 3604 ⁵l'on
821 3527 891 3575 scalen
909 3526 988 3584 nuris,
1008 3528 1081 3592 ignes
1104 3525 1185 3604 petis]

145 3601 652 3731 ηὕιτιωριώηᾶῠιιῖἰοιιιιῦ]οιιω
683 3589 1200 3732 lheigzstldtpmtfflqztsmm.

147 3717 220 3786 lllynt
255 3721 386 3784 preberent
411 3723 498 3770 editum
531 3721 652 3772 Romanis.
684 3723 712 3769 tis
732 3720 846 3786 inferrent.
879 3721 908 3770 ln
929 3735 1004 3786 prtem
1022 3736 1084 3768 cosm
1103 3731 1188 3784 potitis,

116 3845 119 3852 .
147 3783 336 3848 Megisplscetet
347 3784 545 3847 quothroncrius
553 3785 655 3853 subjicit,
684 3803 752 3850 quam
770 3787 794 3834 in
813 3785 938 3852 posteriue
956 3785 1060 3835 membro
1076 3783 1186 3859 omittete

146 3846 254 3898 ΒΜΜ·
682 3851 742 3902 solet
759 3851 837 3901 livius
852 3867 934 3904 roceto
952 3867 996 3914 qur
1012 3848 1106 3914 pertitio
1113 3861 1187 3908 segni-

178 3911 191 3946 ³
225 3913 261 3961 Ad
295 3913 535 3978 Umnon....pcsult
566 3916 650 3982 mera]
683 3917 770 3966 ficetur.
805 3918 878 3980 l'irgt's
893 3917 1008 3980 ceston
1020 3916 1093 3964 securi
1101 3912 1187 3976 culpet.

146 3974 213 4026 Urbs
222 3977 270 4038 ills,
285 3996 306 4026 c.
327 3981 365 4028 lu.
380 3995 457 4044 supra,
474 3981 558 4030 instra
576 3992 650 4030 tente-
682 3981 700 4032 l.
711 3994 751 4030 ιιι.
763 3997 786 4030 c.
796 3983 837 4032 37.

145 4047 186 4090 tur
205 4042 236 4090 sb
256 4045 301 4106 Ap.
323 4041 429 4104 Claudio,
449 4056 474 4092 et
494 4047 518 4094 in
536 4057 651 4109 potestate
713 4041 726 4078 ⁶
747 4045 920 4096 Prissustcssss
932 4043 1024 4108 adestis]
1038 4042 1186 4110 Perspicuum

144 4104 223 4156 Persei
241 4117 357 4158 unisset.
391 4110 474 4161 Quum
491 4109 529 4158 hie
548 4111 617 4174 igitur
636 4127 650 4162 a
681 4111 765 4160 estbie
775 4110 874 4160 alterum
885 4108 1129 4160 momenmentum
1142 4124 1186 4158 ex·

144 4169 230 4220 l’stseo
249 4184 404 4238 oppugnetur,
420 4173 593 4237 intelligendum
614 4187 649 4226 est
681 4177 837 4238 cidisee‚qned
844 4174 1131 4239 respondeatrfpn'ssuss.
1146 4173 1204 4224 tx.

144 4235 206 4284 illus
216 4235 260 4286 boe
271 4239 381 4301 temporis
391 4239 466 4305 spa'tio
479 4241 503 4290 in
512 4251 649 4306 potestatem
680 4241 709 4292 iis
720 4258 771 4305 quae
782 4252 910 4302 sequemur
919 4252 1012 4303 apparet
1021 4250 1124 4288 retemos
1134 4253 1185 4288 esse

144 4297 301 4352 ameum
312 4304 410 4354 ren'sse.
680 4321 758 4368 stege
769 4307 894 4360 Romanos.
926 4305 954 4356 tt
966 4305 1013 4356 bet
1029 4304 1083 4356 loto
1097 4303 1183 4369 siguifi-
1199 4357 1202 4364 ,

176 4363 337 4416 ⁴Peserts'snae
358 4379 423 4418 terre
444 4387 470 4420 es
490 4375 583 4422 narium
598 4372 650 4420 urb
681 4384 743 4424 earet
755 4370 846 4424 nutu.

142 4427 184 4493 est]
210 4429 248 4478 Sic
267 4433 337 4483 edidit
353 4435 468 4498 Sigonius,
487 4448 512 4488 et
526 4449 649 4504 postcunt

184 4515 261 4562 vot..
280 4519 326 4564 tv.
698 4523 711 4570 l
