3184 5225
388 365 428 422 28
803 349 887 421 TITI
906 359 1008 420 LIVII

217 525 252 575 u.
265 525 295 577 c,
305 525 362 578 578.
387 516 399 549 ‘
413 517 510 579 narit:
527 516 585 578 tuit
596 526 678 579 certe
689 528 793 578 tamen
806 516 931 598 aliquid,
943 514 1026 596 quod
1035 526 1099 577 tam
1109 514 1234 596 longam
1243 515 1439 582 deliberatio·

217 594 249 641 Α·
258 591 287 642 ⁰·
302 593 355 644 ¹⁷⁴·
387 603 398 636 ‘
412 624 484 665 uem
496 603 646 664 fecerat⁰r
664 602 697 663 id
709 602 791 684 quod
804 613 869 664 erat
880 613 1000 664 vetusta
1010 599 1189 681 conjunctio
1203 623 1274 664 cum
1286 601 1436 668 Macedo·

386 690 398 723 ‘
412 690 511 768 nibus,
520 700 623 750 vetera
634 698 668 750 et
678 689 832 770 magnoin
844 707 900 749 nos
913 708 1017 768 regum
1029 687 1149 749 merita.
1170 685 1302 751 Valeant
1313 701 1344 756 et
1354 711 1434 754 nunc

385 776 518 838 ‘eadem
535 775 598 850 illa,
613 793 675 834 non
690 786 725 835 ut
739 775 889 857 praecipue
905 775 1005 852 amici,
1028 774 1082 835 sed
1098 793 1137 836 ue
1152 775 1302 858 precipue
1317 776 1433 840 inimici

385 863 513 922 ‘simus
558 857 607 921 Ne
624 860 668 937 id,
682 861 763 942 quod
775 881 837 922 non
854 860 964 941 agitur,
979 859 1167 938 Callicrates,
1183 861 1432 925 simulaverimus.

384 947 396 980 ‘
411 962 502 1009 nemo
513 968 598 1008 novae
620 946 775 1008 societatis
787 959 842 1010 aut
852 947 922 1008 novi
936 946 1067 1023 loederis,
1092 966 1151 1026 quo
1169 967 1224 1008 nos
1236 956 1350 1010 temere
1361 949 1432 1010 inli-

384 1034 527 1113 ‘gemns,
550 1034 759 1095 conscribendi
785 1035 979 1096 est‘auetor:
1003 1031 1056 1094 sed
1078 1033 1292 1094 commercium
1310 1044 1431 1096 tantum

383 1121 394 1151 ‘
405 1119 483 1201 juris
498 1118 652 1201 praebendi
665 1119 883 1202 repetendique
898 1119 948 1198 sit,
963 1139 1003 1180 ne
1014 1117 1225 1180 interdictione
1236 1117 1341 1180 linium
1355 1137 1430 1180 nos·

383 1207 395 1238 ‘
410 1219 526 1266 trorum
541 1215 574 1266 et
584 1225 641 1266 nos
656 1225 777 1286 quoque
792 1225 887 1287 regno
903 1225 1068 1282 arceamus,
1087 1223 1125 1266 ne
1141 1205 1232 1266 servis
1247 1205 1357 1266 nostris
1372 1205 1430 1267 ali-

382 1292 394 1323 ‘
408 1311 471 1370 quo
486 1291 589 1372 lugere
604 1291 706 1353 liceat.
750 1290 833 1361 Quid
849 1292 907 1352 hoc
923 1292 1064 1354 adversus
1076 1289 1216 1352 Romana
1230 1289 1343 1352 foedera
1357 1291 1428 1352 est?

382 1376 393 1408 ‘
408 1375 490 1446 Quid
504 1397 568 1438 rem
593 1397 717 1458 parram
732 1389 764 1438 et
786 1388 936 1458 apertam,
959 1397 1103 1458 magnam
1119 1389 1151 1438 et
1165 1387 1334 1458 suspectam
1349 1376 1427 1438 isci-

382 1461 496 1523 ‘musi
543 1462 625 1533 Quid
639 1483 733 1524 vanos
757 1463 904 1524 tumultus
924 1462 1056 1525 ciemusl
1102 1461 1185 1532 Quid
1198 1473 1234 1523 ut
1248 1462 1306 1545 ipsi
1326 1462 1428 1524 locum

381 1547 588 1610 ‘adsentandi
603 1548 749 1610 Romanis
764 1549 940 1627 habeamus,
964 1559 1119 1632 suspectos
1136 1547 1212 1610 alios
1228 1551 1253 1592 ¹⁷
1264 1569 1300 1608 ac
1316 1548 1427 1610 invisos

381 1633 392 1665 ‘
406 1634 574 1697 efficimus?
620 1632 654 1695 Si
669 1635 780 1696 bellum
795 1636 864 1713 erit,
879 1655 918 1697 ne
934 1634 1059 1698 Perseus
1074 1635 1197 1716 quidem
1210 1633 1339 1711 dubitat,
1354 1634 1426 1714 quin

380 1718 391 1751 ‘
406 1717 563 1782 Romanos
575 1721 706 1783 secuturi
720 1721 815 1782 simus
827 1743 834 1782 :
858 1723 890 1782 in
902 1741 978 1802 pace
993 1722 1098 1799 etiarn,
1113 1719 1137 1780 si
1153 1739 1215 1781 non
1230 1720 1301 1780 odia
1314 1719 1425 1782 liniun-

270 1875 276 1888 ,
379 1805 465 1884 ‘tur,
489 1805 749 1873 intermittantur!
793 1805 894 1876 Quum
917 1807 1009 1868 iidem
1033 1807 1104 1868 huic
1128 1805 1269 1881 orationi,
1287 1806 1370 1885 ¹⁸qui
1386 1806 1424 1866 li-

379 1892 451 1953 teris
467 1892 546 1973 regis
561 1891 803 1969 adsentierautd,
826 1892 1060 1970 adsentirentur,
1081 1891 1288 1974 indignatione
1311 1892 1425 1972 priuci-

378 1998 464 2059 pum,
480 1978 573 2059 quod,
589 1998 680 2058 quam
693 1999 757 2040 rem
768 1998 808 2040 ne
822 1978 977 2060 legatione
988 1978 1110 2060 quidem
1123 1979 1247 2060 dignam
1258 1975 1424 2058 judicasset

379 2061 515 2142 Perseus,
545 2065 640 2126 literis
665 2084 832 2147 paucorum
859 2085 995 2126 versuum
1021 2066 1242 2146 ¹bimpetrarct,
1270 2063 1423 2125 decretum

377 2149 525 2212 differtur.
569 2148 679 2233 legati
695 2153 722 2189 ²⁰
732 2151 843 2212 deinde
857 2163 965 2232 postea
987 2151 1070 2212 missi
1088 2151 1126 2210 ab
1142 2171 1223 2233 rege,
1245 2169 1336 2231 quum
1350 2147 1421 2210 Me-

376 2235 511 2318 galopoli
527 2237 691 2298 concilium
707 2248 804 2314 esset3
829 2236 960 2318 dataque
972 2257 1065 2318 opera
1079 2247 1127 2297 est
1141 2238 1181 2298 ab
1196 2236 1242 2312 iis,
1258 2235 1308 2317 qui
1323 2235 1421 2296 oileu-

376 2322 494 2384 sionem
511 2323 592 2405 apud
608 2322 765 2401 Romanos
779 2323 939 2402 timebant,
955 2343 993 2383 ne
1010 2321 1250 2384 admitterentur.

222 2476 227 2487 ι
295 2479 301 2490 Ι
419 2406 520 2468 XXV.
544 2407 600 2469 Per
624 2409 688 2470 lrsec
711 2421 851 2490 tempora
873 2406 1105 2484 AEtolorumin
1125 2419 1226 2470 semet
1249 2406 1331 2488 ipsos
1354 2425 1420 2467 ver·

324 2511 331 2526 ·
375 2511 426 2552 sus
440 2491 521 2553 luror
543 2493 656 2553 mutuis
682 2494 813 2554 caedibus
840 2493 881 2554 ad
907 2494 1146 2556 internecionem
1173 2493 1355 2555 adducturus
1376 2492 1421 2552 ui·

373 2577 502 2641 debatur
522 2589 657 2660 gentem.
703 2577 786 2640 Fessi
804 2578 913 2641 deinde
936 2592 968 2642 et
981 2578 1113 2643 Romam
1129 2591 1256 2661 utraque
1271 2597 1340 2658 pars
1363 2577 1421 2639 mi·

373 2676 477 2725 serunt
499 2666 627 2746 legatos,
653 2678 684 2727 et
710 2666 789 2727 inter
813 2666 924 2747 seipsi
948 2666 986 2727 de
1009 2666 1232 2729 reconcilianda
1257 2662 1421 2725 concordia

372 2752 526 2831 agebantt
554 2754 657 2831 ²¹quae
683 2772 762 2813 novo
789 2751 924 2813 facinore
952 2752 1088 2814 discussa
1115 2774 1161 2814 res
1185 2763 1299 2812 veteres
1326 2749 1419 2811 etiam

372 2836 431 2897 iras
457 2836 612 2899 excitavit.
667 2836 828 2899 Exsulibus
855 2836 1022 2921 Hypataeis,
1048 2839 1100 2919 qui
1125 2837 1265 2899 factionis
1289 2834 1419 2897 Proxeni

371 2934 470 3000 erant,
499 2943 590 3004 quum
619 2922 732 2985 reditus
758 2924 789 2984 in
816 2925 946 3006 patriam
973 2926 1138 3007 promissus
1165 2933 1254 3000 esset,
1284 2921 1418 3000 fidesque

374 3008 449 3070 data
463 3029 516 3091 per
531 3009 700 3092 principem
716 3009 847 3071 civitatis
862 3008 1075 3092 Eupolemum,
1098 3008 1255 3090 octoginta
1278 3006 1419 3067 inlustres

353 3094 522 3171 slromines,
560 3095 669 3175 quibus
699 3095 893 3158 redeuntibus
922 3097 1001 3158 iuter
1030 3108 1162 3159 ceteram
1191 3091 1417 3153 multitudinem

370 3178 556 3262 Eupolemus
581 3181 698 3243 etiam‘
720 3182 825 3243 obvius
849 3182 976 3259 exierat,
1002 3186 1029 3221 ³¹
1042 3200 1133 3263 quum
1159 3176 1343 3241 salutatione
1362 3177 1416 3237 be-

369 3266 463 3348 nigne
478 3267 600 3348 excepti
624 3278 736 3344 essent,
762 3267 933 3351 dextrasque
952 3268 1040 3347 dota,
1062 3264 1266 3348 ingredientes
1283 3274 1416 3345 portam,

369 3351 462 3413 fidem
483 3352 588 3413 datam
603 3351 746 3434 Deosque
768 3363 860 3415 testes
885 3353 1090 3435 nequidquam
1114 3353 1299 3427 invocantes,
1321 3348 1415 3409 inter·

369 3436 444 3498 lecti
458 3450 539 3498 sunt.
584 3436 658 3499 lude
672 3440 791 3519 gratim
810 3439 849 3501 de
871 3439 992 3521 integro
1007 3440 1120 3501 bellum
1135 3436 1257 3499 exarsit.
1301 3432 1337 3494 C.
1353 3430 1416 3493 Va·

369 3518 459 3582 lerius
485 3520 631 3600 Laevinus,
657 3535 689 3584 et
711 3523 771 3606 Ap.
797 3522 943 3585 Claudius
969 3521 1109 3602 Pulcher,
1133 3534 1165 3585 et
1188 3521 1224 3583 C.
1240 3517 1415 3595 Memmius,

368 3617 402 3668 et
426 3604 474 3670 M.
487 3606 643 3691 Popillius,
665 3621 697 3671 et
721 3608 756 3670 1..
771 3606 944 3671 Canuleius
960 3610 1042 3673 missi
1065 3610 1104 3671 ab
1130 3619 1236 3671 senatu
1259 3614 1413 3667 venerant.

367 3693 461 3776 Apud
476 3715 529 3756 eos
544 3716 636 3777 quum
651 3694 780 3776 Delphis
806 3695 959 3777 utriusque
982 3696 1078 3778 partis
1101 3696 1195 3777 legati
1218 3712 1331 3773 magno
1348 3696 1415 3751 e'er-

368 3782 481 3843 umine
504 3794 641 3865 agerent,
665 3778 818 3841 Proxenus
841 3782 984 3859 maxime,
1011 3802 1103 3862 quum
1125 3800 1242 3858 caussa,
1265 3789 1330 3839 tum
1352 3775 1416 3836 elo-

367 3869 503 3948 quentia,
525 3879 667 3951 praestare
680 3866 760 3927 visus
774 3878 822 3927 est
830 3889 841 3944 3
865 3868 916 3949 qui
932 3888 1046 3950 paucos
1071 3878 1142 3951 post
1164 3866 1228 3928 dies
1244 3863 1283 3925 ab
1297 3860 1414 3923 Ortho-

397 3987 501 4050 ‘secent
511 3988 666 4039 creneio.
716 3988 1028 4040 “adeostiercntdelCreu
1077 3984 1387 4037 serenareturonmrev.

400 4090 421 4130 ¹²
437 4091 567 4155 deiecisse]
583 4093 647 4154 Lege
658 4094 771 4143 αἰπεῖα.
906 4093 980 4158 posuit
992 4094 1116 4154 impetraret
1126 4107 1167 4156 pro
1177 4092 1302 4151 impetunt·

398 4154 421 4187 ¹⁸
438 4152 484 4206 Qui
508 4155 585 4203 litteris
604 4159 672 4221 regis,
695 4155 870 4217 adsentirentur]
937 4158 959 4193 ²0
976 4156 1063 4205 ande
1075 4158 1158 4219 muse]
1171 4155 1317 4203 Alterutrum
1328 4161 1399 4201 vacat.

365 4216 441 4267 Vetus
452 4218 578 4279 seriptrnn
591 4223 629 4280 qut
640 4222 718 4268 litteris
727 4221 786 4283 regis
795 4222 872 4267 eden-
937 4222 957 4255 ⁹¹
977 4220 992 4248 ⁵
1005 4220 1075 4273 Que.
1084 4254 1091 4268 .
1100 4254 1107 4269 .
1116 4222 1210 4269 diessen
1231 4218 1276 4282 res]
1302 4217 1416 4266 Delemna

365 4283 457 4341 tierent,
472 4283 643 4330 adsentirentur.
676 4283 807 4332 Groncdus
819 4284 870 4333 tolli
902 4298 1043 4349 postremam
1054 4299 1143 4333 vocem.
1176 4284 1272 4333 Etenim
1279 4297 1314 4330 ex
1326 4294 1414 4344 pressa

362 4345 432 4409 jussit
440 4345 537 4393 verbum
546 4346 702 4406 admonerem,
713 4350 773 4411 quod
788 4365 843 4399 sane
856 4366 870 4399 s
904 4350 1012 4399 dentibus
1020 4348 1090 4399 senile
1101 4348 1238 4409 intelligitur
1247 4346 1371 4396 concordie.

365 4411 545 4459 liviensenon
555 4410 652 4462 videtur.
933 4416 956 4449 ’Β
973 4412 1048 4467 Quum
1072 4414 1203 4462 minutione
1222 4414 1311 4478 benigue
1332 4410 1414 4470 tertull

399 4478 420 4515 ¹⁹
434 4472 576 4541 inpetraret]
591 4476 624 4527 Et
641 4475 679 4527 lrie
692 4477 821 4531 Gronovius
830 4495 869 4531 re·
902 4477 979 4543 esest]
994 4478 1118 4532 Mellemus
1129 4479 1232 4542 benigne.
