3184 5225
357 366 414 422 tes
731 408 734 417 .
809 354 895 415 ΤῙΤΙ
914 354 1014 413 Livii

89 552 94 565 ·
184 514 329 597 uetes.
355 538 403 579 res
427 516 685 596 sollicitatumque
711 511 777 595 jam
805 514 941 575 animum
963 533 1054 595 quum
1078 512 1221 589 venisset,
1246 508 1403 592 adgressus

184 581 219 631 Α·
231 580 261 629 ί·
275 578 303 627 ¹⁶
323 613 329 629 '
355 605 380 642 ⁸⁴
391 602 579 685 tempestivis
593 602 780 684 temporibus
794 620 859 661 rern
872 620 967 682 prope
979 600 1152 681 prolapsam
1163 598 1306 674 restituit,
1317 598 1403 659 ‘aliis

186 684 332 765 ΰῑῑῑῖβξῑῐῑῑῐ
355 689 366 723 ‘
381 690 441 751 alie
455 709 550 770 regne
565 688 693 748 crevisse
708 684 819 758 rebus,’
831 685 980 747 dicendos
1001 687 1149 765 ‘regnum
1160 704 1267 745 eorum
1281 701 1405 761 novum,

185 764 201 797 ⁸
215 750 309 801 ΜΨ·
355 775 472 837 ‘nullis
492 774 619 836 vetustis
639 772 802 835 fundatum
823 772 944 854 opibus,
959 772 1091 832 fraterna
1115 781 1196 831 stare
1223 769 1405 831 concordiae

355 861 366 895 ‘
381 860 464 942 quod
473 880 550 923 unus
560 880 672 921 nomen
684 860 802 940 regium
812 870 845 919 et
854 859 1038 941 praecipuum
1049 856 1159 939 capitis
1174 857 1293 937 insigne
1304 868 1406 937 gerat,

355 948 365 981 ‘
381 966 488 1008 omnes
503 946 612 1007 iratres
628 955 766 1027 regnent.
806 944 944 1005 Attalum
958 964 1040 1020 vero,
1052 943 1124 1023 quia
1136 953 1226 1005 aetate
1238 943 1407 1025 proximus,

355 1032 449 1115 ‘quis
464 1052 526 1094 non
540 1052 594 1114 pro
609 1052 680 1111 rege
692 1030 823 1092 habeat?
842 1050 940 1111 neque
955 1050 993 1091 eo
1008 1029 1117 1106 solum,
1128 1028 1200 1109 quia
1214 1040 1317 1090 tantas
1327 1049 1405 1111 prae-

356 1121 483 1181 ‘sentes
506 1116 571 1199 ejus
594 1138 667 1199 opes
691 1127 807 1193 cernat,
829 1117 883 1178 sed
904 1116 987 1197 quod
1010 1116 1091 1176 haud
1113 1115 1289 1195 ambiguum
1309 1135 1405 1197 prope
1433 1167 1438 1173 .

281 1228 283 1231 ·
355 1205 368 1238 ‘
382 1205 465 1267 diem
489 1215 684 1285 regnaturum
707 1222 778 1263 eum
801 1202 977 1264 infirmitate
991 1212 1138 1281 steteque
1152 1198 1298 1263 Eumenis
1314 1211 1405 1278 esset,

356 1290 368 1325 ‘
383 1291 498 1352 nullam
513 1291 639 1372 stirpem
651 1290 780 1351 liberbm
793 1286 966 1355 habentisr'
985 1286 1127 1366 (necdum
1144 1287 1225 1351 enim
1241 1296 1406 1366 agnoverat

357 1378 384 1417 ⁸⁵
396 1398 475 1454 eum,
491 1376 542 1459 qui
559 1387 669 1458 postea
683 1374 841 1457 regnavit)
887 1375 934 1413 ‘ii‘
948 1374 1030 1444 Quid
1043 1374 1195 1434 adtineret
1207 1374 1268 1433 vim
1283 1373 1403 1434 adferre

356 1462 436 1539 ‘rei,
455 1483 510 1533 sus
530 1474 640 1543 sponte
655 1482 727 1522 mox
747 1462 871 1523 adeum
886 1459 1073 1523 adventurae?
1119 1457 1292 1520 Accessisse
1309 1460 1404 1519 etiam

357 1546 370 1581 ‘
384 1569 493 1610 novam
508 1558 724 1630 tempestatem
738 1568 834 1629 regno
846 1547 992 1608 tumultus
1002 1544 1124 1623 Gallici,
1134 1545 1182 1605 cui
1193 1544 1244 1606 vix
1256 1565 1405 1605 consensu

356 1634 368 1667 ‘
384 1647 416 1697 et
432 1634 597 1696 concordia
611 1654 715 1715 regum
731 1634 830 1695 resisti
841 1644 941 1714 queat.
981 1630 1014 1693 Si
1025 1653 1098 1693 vero
1113 1632 1154 1692 ad
1164 1641 1325 1692 externum
1339 1630 1405 1691 bel-

356 1720 367 1753 ‘
383 1721 446 1781 lum
459 1720 627 1782 domestica
638 1720 748 1782 seditio
761 1719 932 1801 adjiciatur,
944 1719 1009 1779 sisti
1023 1738 1085 1779 non
1097 1738 1202 1799 posse;
1222 1720 1248 1763 ⁸⁷
1254 1737 1310 1779 nec
1322 1716 1405 1778 aliud

311 1877 315 1883 ¹
357 1804 369 1839 ‘
384 1828 465 1884 eum,
480 1828 582 1889 quam,
597 1827 635 1867 nc
650 1806 744 1868 frater
759 1806 791 1866 in
806 1826 901 1885 regno
915 1804 1072 1882 moriatur,
1087 1803 1144 1865 sibi
1159 1803 1218 1886 ipsi
1232 1825 1318 1886 spem
1331 1823 1404 1885 pro·

356 1890 369 1924 ‘
383 1894 529 1976 pinquam
545 1892 629 1972 regni
645 1905 831 1975 erepturum.
872 1889 905 1952 Si
918 1904 1046 1971 utraque
1061 1890 1195 1971 gloriosa
1209 1910 1256 1951 res
1270 1902 1361 1967 esset,
1373 1903 1407 1950 et

286 2036 291 2046 .
358 1976 369 2010 ‘
384 1999 518 2041 servasse
530 1978 615 2039 fratri
627 1999 765 2059 regnum,
777 1990 809 2039 et
818 1977 979 2059 eripuisse3
996 1977 1106 2039 servati
1118 1988 1222 2038 tamen
1234 1976 1329 2056 regni,
1339 1996 1406 2056 quae

358 2062 491 2146 ‘juncta
511 2064 617 2147 pietati
638 2066 689 2141 ait,
710 2064 863 2145 potiorem
885 2064 1004 2124 laudem
1027 2062 1128 2123 fuisse.
1173 2060 1235 2123 Sed
1252 2062 1406 2123 enimvero

358 2150 369 2183 ‘
385 2171 478 2231 quum
494 2150 682 2213 detestabilis
697 2150 793 2211 alters
814 2170 863 2210 res
883 2162 915 2211 et
936 2149 1075 2231 proxima
1088 2147 1253 2230 parricidio
1267 2148 1318 2223 sit,
1332 2146 1405 2230 qnid

358 2234 425 2298 ‘ad
451 2236 701 2298 deliberationem
725 2236 809 2297 dubii
833 2234 1007 2318 superesse?
1051 2232 1163 2295 Utrum
1184 2234 1265 2295 enim
1287 2246 1405 2315 partem

357 2321 370 2356 ‘
385 2324 470 2404 regni
482 2322 649 2405 petiturum
662 2344 737 2401 csse,
750 2342 789 2382 an
801 2332 900 2383 toturn
911 2320 1100 2403 erepturum?
1121 2321 1147 2381 si
1158 2330 1293 2403 partem;
1314 2320 1407 2381 srnbo

358 2407 370 2440 ‘
387 2409 534 2486 infirmos,
547 2409 701 2471 distractis
712 2408 835 2486 viribus,
846 2420 878 2470 et
888 2408 1028 2469 omnibus
1039 2404 1155 2487 injuriis
1167 2407 1316 2468 obnoxios
1328 2406 1408 2467 fore:

358 2492 370 2526 ‘
384 2496 410 2555 si
423 2506 539 2569 totum3
563 2496 753 2576 privatumne
764 2515 837 2574 ergo
849 2492 995 2574 rnsjorem
1007 2493 1142 2570 fratrem,
1154 2514 1194 2554 an
1204 2493 1341 2554 exsulem
1353 2493 1406 2553 illa

359 2580 370 2614 ‘
384 2590 486 2656 aetate,
496 2579 549 2640 illa
559 2581 694 2663 corporis
706 2580 893 2659 infirmitate,
905 2582 932 2618 ⁸⁸
940 2600 979 2641 an
991 2579 1133 2641 ultimum
1144 2579 1221 2641 mori
1234 2576 1404 2662 jussurum?

253 2715 255 2720 .
357 2669 368 2699 ⁸
383 2664 548 2746 Egregium
560 2666 641 2728 enim
655 2665 703 2746 (ut
712 2666 821 2728 sabulis
836 2667 967 2729 traditus
978 2666 1128 2748 inpiorum
1141 2667 1268 2728 fratrum
1279 2676 1404 2728 eventus

358 2751 370 2784 ‘
384 2752 535 2832 taceatur)
553 2751 653 2813 Persei
669 2753 783 2816 exitum
800 2753 905 2832 videri,
921 2754 972 2834 qui
987 2774 1026 2814 ex
1040 2753 1173 2815 fraterna
1187 2752 1268 2814 cede
1283 2764 1405 2835 raptum

358 2836 526 2898 ‘diadema
549 2839 581 2899 in
606 2839 721 2920 templo
745 2837 991 2911 Samotbracum,
1012 2840 1094 2900 velut
1117 2839 1310 2922 presentibus
1333 2837 1405 2899 Diis

358 2921 575 3004 ‘exigentibus
591 2946 709 3007 poenas,
721 2927 760 2987 ad
773 2926 866 3007 pedes
880 2926 1003 2988 victoris
1018 2925 1115 2986 hostis
1130 2933 1293 3007 prostratus
1308 2943 1402 3006 posu-

358 3008 369 3042 ‘
384 3009 452 3071 erit.
495 3009 557 3072 Eos
573 3011 664 3094 ipsos,
677 3012 739 3092 qui,
753 3033 816 3074 non
832 3013 876 3074 illi
891 3012 993 3089 amici,
1007 3011 1062 3072 sed
1076 3010 1205 3073 Eumeni
1219 3007 1332 3085 infesti,
1346 3009 1402 3069 sti-

358 3096 369 3128 ‘
384 3096 502 3159 molent
522 3119 602 3176 eum,
617 3098 764 3181 pietatem
785 3099 1049 3180 constantiamque
1070 3098 1255 3174 laudaturos,
1270 3096 1295 3158 si
1309 3095 1404 3158 fidem

358 3183 425 3245 ‘ad
439 3183 579 3246 ultimum
595 3185 680 3246 fratri
696 3183 904 3268 praestitisset!

400 3267 474 3330 XX.
499 3269 574 3332 Haec
598 3271 665 3353 plus
688 3271 808 3333 ualuere
832 3273 864 3332 in
887 3271 986 3338 Attali
1011 3272 1124 3333 animo.
1177 3269 1285 3353 ltaque
1309 3271 1405 3333 intro·

239 3358 253 3404 Ρ
358 3356 466 3419 ductus
491 3357 521 3417 in
548 3369 699 3436 senatum,
721 3358 891 3440 gratulatus
912 3358 1082 3435 victoriam,
1103 3372 1135 3420 et
1158 3379 1214 3419 sua
1236 3357 1346 3420 merita
1366 3379 1404 3419 eo

284 3439 291 3454 '
357 3443 439 3504 bello
453 3441 624 3524 fratrisque,
646 3444 672 3506 si
687 3465 748 3525 qua
769 3456 867 3522 erant,
890 3456 922 3506 et
936 3442 1094 3506 Gallorum
1110 3444 1406 3524 deiectionemque

357 3549 454 3612 nuper
474 3529 590 3611 ingenti
615 3542 699 3592 motu
721 3531 804 3594 saeta
824 3542 899 3610 emt,
915 3532 1067 3615 exposuit.
1121 3530 1221 3610 Petiit,
1235 3542 1271 3593 ut
1286 3531 1404 3613 legatos

388 3719 411 3754 ⁸⁴
423 3719 559 3784 Tempestioir
575 3713 719 3787 tenporibus]¹
738 3723 800 3785 Lege
811 3739 864 3773 cum
896 3738 993 3781 rnoqne
1006 3722 1084 3788 frater
1093 3726 1117 3772 in
1126 3739 1194 3790 regno
1203 3725 1320 3781 moriatur,
1328 3724 1351 3771 id
1362 3735 1409 3781 est,

356 3783 618 3849 Gronorio,tempertirir
628 3790 766 3836 sermondus.
896 3791 952 3836 dum
962 3801 1025 3836 vetet
1039 3805 1068 3837 ne
1085 3790 1156 3838 stater
1166 3790 1194 3849 io
1208 3805 1279 3850 regno
1289 3790 1407 3838 moriam.

388 3851 410 3886 ⁸⁵
423 3850 482 3898 Eum
492 3855 530 3913 qni
544 3861 615 3913 matra
624 3853 737 3916 regnant]
759 3854 865 3903 ntorum
898 3854 939 3903 Ne
954 3854 1026 3902 frater
1042 3855 1067 3902 in
1084 3870 1154 3915 regno
1163 3855 1282 3910 moriatur,
1290 3855 1333 3901 hoc
1343 3869 1407 3902 esse·

355 3915 522 3976 Philometore,
545 3917 583 3980 qui
605 3917 705 3977 regnavit
727 3928 780 3981 post
802 3920 865 3968 bunc
897 3930 982 3981 queror
998 3920 1053 3982 ipsc,
1069 3932 1096 3967 ur
1115 3920 1155 3966 ribi
1171 3935 1236 3983 rpem
1255 3919 1405 3982 propinqum

355 3980 460 4028 Attalum
471 3993 577 4045 patruum
591 3998 667 4040 suum,
682 3993 707 4030 et
722 3983 865 4049 bseredepo·
897 3984 961 4044 regni
979 3985 1068 4047 eripiet.
1108 3986 1220 4032 Ceterum
1238 3985 1351 4043 ingenium
1369 3997 1407 4031 ra·

354 4043 748 4182 illitt'ttlttttnffm]
773 4114 865 4163 rame
897 4047 1406 4178 ttft‘littt‘m‘ffi‘ltt't‘

355 4182 426 4220 timus
436 4175 619 4224 emendationem
629 4178 750 4228 Gronovii:
766 4182 821 4242 quid
830 4185 865 4228 at·
896 4179 937 4227 u'br'
955 4182 999 4240 ipss·
1017 4194 1074 4241 spen
1094 4181 1238 4242 propinquare
1258 4180 1323 4244 regni
1341 4193 1404 4240 erep-

356 4239 427 4284 tincre
439 4239 480 4283 uim
488 4237 575 4300 offen-l,
897 4251 982 4291 runnu.

389 4301 411 4337 ⁸⁷
422 4299 542 4348 Nerolind
551 4307 684 4369 errmquom]
702 4306 775 4356 Recte
786 4320 864 4358 censet
930 4309 953 4342 ⁸⁸
963 4309 999 4356 dn
1015 4308 1130 4373 ultirrrurrr]
1154 4305 1261 4357 Ultimum
1277 4309 1317 4356 hic
1332 4309 1408 4355 inter.

356 4363 465 4477 nugulas
478 4365 516 4413 bic
527 4367 588 4414 nulla
602 4375 728 4420 mutatione
738 4389 794 4436 opus
805 4390 864 4424 esse.
895 4385 1012 4436 prerrmor
1024 4373 1055 4419 od
1070 4374 1295 4434 sicimorumque.
1327 4372 1406 4419 Parti-

356 4429 389 4478 Su
414 4431 445 4478 cit
460 4447 489 4478 ex
507 4445 571 4508 mqrc
583 4434 638 4481 livii
655 4437 760 4500 supplere
772 4437 863 4502 efferor·
895 4437 969 4486 culum
980 4455 1019 4494 cn,
1028 4453 1096 4499 quam
1107 4449 1181 4486 mutat
1191 4436 1322 4484 Gronovius
1332 4437 1357 4484 in
1367 4438 1406 4492 cd.

356 4509 415 4570 rum.
447 4493 495 4544 Nec
508 4497 572 4544 claud
582 4500 786 4560 eumelioctumm,
797 4519 864 4564 quom
895 4503 1039 4551 retinendam
1061 4517 1111 4550 esre
1132 4503 1297 4558 existimemus,
1313 4515 1340 4550 ut
1358 4513 1408 4551 ter·

355 4559 396 4608 ⁸¹⁶5
411 4560 452 4624 ‘llil
467 4577 524 4624 ῬΜ
538 4565 682 4628 milvum
694 4567 757 4630 teeti
772 4576 863 4629 θηρία·
895 4567 954 4618 tium
965 4570 1011 4618 boe
1023 4566 1054 4616 rit
1063 4567 1178 4617 dir'uioois
1189 4566 1331 4617 membrum.
