3184 5225
483 365 560 425 LIB.
573 359 686 427 XLIII.
705 364 787 426 CAP.
802 366 889 427 xm.
1153 376 1214 437 to?

155 540 267 586 ouram
289 520 452 605 prebebat.
477 520 508 582 in
534 522 662 583 classem
688 522 773 585 mille
797 522 871 585 socii
894 523 1015 585 navales
1040 524 1121 587 circs
1140 522 1207 589 llo-
1224 531 1370 584 U·c.tst.

155 606 536 688 monstrosissimam,
563 628 602 669 ex
626 606 765 670 ronan
789 608 878 671 aaa
898 608 996 690 jusso
1023 611 1154 675 tonum
1175 598 1296 675 uest·
1310 597 1365 647 ¹⁰⁹·

160 716 207 757 ex
221 692 328 757 Sicilia
341 692 540 755 scriberentur
553 714 561 751 ι
589 704 631 770 et,
654 695 703 753 cui
728 714 764 753 ea
779 696 937 774 provincia
950 697 1107 776 evenisset,
1119 718 1211 761 marr-

161 783 286 859 daturn,
300 792 333 843 ut
347 800 399 840 ess
414 779 445 841 in
457 774 690 855 Macedoniam,
710 778 893 860 ubicumque
915 781 1019 843 classis
1044 794 1134 859 esset,
1155 785 1212 846 de·

83 930 89 939 ,
160 866 331 949 portandos
357 878 485 927 curaret.
530 862 566 925 In
592 858 773 943 Hispaniam
798 866 858 925 tria
880 867 976 928 millia
993 870 1131 950 peditum
1146 868 1217 933 Ro-

159 970 323 1015 rnanorum
337 951 368 1013 in
384 952 641 1034 supplementum,
657 950 783 1011 trecenti
795 952 912 1031 equites
924 952 1048 1016 decreti.
1092 954 1209 1018 Finitus
1332 994 1335 998 ν

161 1039 207 1100 ibi
235 1058 352 1119 quoque
381 1039 413 1099 in
437 1037 572 1119 legiones
603 1035 734 1097 militum
763 1056 916 1115 numerus,
945 1040 1084 1120 peditum
1113 1043 1208 1122 quina

160 1124 270 1202 millia,
285 1124 401 1187 treceni
417 1136 449 1186 ct
463 1123 595 1186 triceni²¹
619 1122 745 1203 equites.
790 1120 832 1184 Et
855 1124 946 1185 sociis
969 1125 1120 1207 imperare
1135 1149 1216 1210 pra·

159 1222 221 1289 tor,
236 1210 288 1273 cui
302 1208 454 1295 Hispania
468 1210 649 1290 obvenisset,
659 1207 762 1289 jussus
783 1220 913 1290 quatuor
936 1210 1033 1272 millia
1055 1212 1206 1294 peditum,

158 1308 195 1359 et
210 1308 365 1365 trecentos
381 1297 508 1378 equites.

205 1380 296 1445 xlll.
311 1382 385 1445 Non
400 1404 467 1445 sum
482 1384 611 1461 nescius,
627 1381 668 1444 ab
688 1381 795 1446 eadem
819 1382 1024 1463 neglegentia,
1048 1402 1109 1465 qoa
1131 1385 1210 1449 nilril

161 1464 248 1530 Deos
277 1469 464 1552 portendere
490 1471 579 1551 vulgo
609 1488 689 1531 nunc
724 1468 863 1543 credant,
900 1472 1034 1551 “neque
1071 1473 1217 1534 nunciati

165 1558 196 1593 ⁵⁸
209 1554 374 1617 admodum
396 1556 499 1617 nulla¹
522 1556 661 1638 prodigia
686 1556 716 1617 in
735 1553 900 1636 publicum,
923 1574 1023 1637 neque
1038 1556 1068 1616 in
1084 1559 1209 1621 annales

163 1640 278 1703 referri.
305 1652 439 1703 ceterum
465 1652 498 1703 et
523 1641 609 1717 mibi,
630 1652 763 1703 vetustas
788 1659 834 1702 res
855 1641 1008 1719 scribenti,
1029 1644 1212 1724 nescioquo

160 1738 267 1807 pacto,
292 1728 473 1808 ⁸⁸antiquus
497 1726 532 1788 nt
557 1727 695 1806 animus3
723 1730 793 1788 ⁸⁷et
818 1727 957 1807 quedam
982 1728 1090 1811 religio
1115 1740 1213 1809 tenet,

163 1832 232 1893 qua
257 1812 302 1875 illi
326 1812 552 1896 prudentissimi
578 1813 634 1874 viri
661 1815 782 1895 publice
809 1812 1000 1894 suscipienda
1029 1817 1212 1893 censuerint,

161 1918 273 1980 capro
289 1898 389 1981 dignis
405 1899 526 1977 habere,
551 1920 616 1981 quae
636 1901 667 1961 in
682 1920 767 1963 meos
784 1897 909 1960 annales
930 1900 1068 1963 referam.
1104 1902 1210 1983 Anag-

163 1985 217 2045 nia
244 1984 306 2046 duo
329 1986 469 2067 prodigia
492 2006 530 2047 eo
554 2006 634 2048 arrno
662 2000 734 2050 sunt
761 1986 906 2046 nunciata
913 2008 924 2065 ς
947 1986 1045 2047 facem
1074 1988 1106 2048 in
1132 1989 1212 2049 coelo
1225 2002 1335 2066 Ριοιιψ.

163 2080 374 2153 conspectam,
389 2084 421 2133 et
435 2072 542 2133 bovem
563 2072 708 2134 feminam
731 2075 865 2135 locutam
887 2070 1007 2151 publice
1031 2072 1080 2133 ali.
1125 2071 1213 2135 Miu-

162 2158 262 2219 turnis
277 2176 396 2240 quoque
411 2176 466 2239 per
486 2178 538 2219 eos
562 2157 626 2219 dies
652 2160 760 2221 ³⁸coeli
783 2157 919 2218 ardentis
944 2158 1060 2238 species
1080 2157 1214 2220 adfulse-

166 2254 224 2304 rat.
270 2240 366 2306 Reate
391 2244 478 2305 imbri
502 2244 656 2325 lapidavit.
701 2241 807 2305 Cumis
823 2242 857 2303 in·
870 2262 939 2303 arce
953 2241 1066 2324 Apollo
1080 2242 1214 2305 triduum

165 2349 203 2390 ac
219 2340 280 2391 tres
295 2341 401 2391 noctes
417 2330 595 2392 lacrimavit.
610 2330 642 2389 in
657 2330 730 2390 urbe
755 2328 897 2391 Romana
922 2327 984 2388 duo
1007 2328 1109 2390 aditui
1136 2350 1214 2393 nun-

167 2415 299 2493 ciarunt,
314 2416 402 2494 alter,
417 2418 449 2478 in
464 2416 528 2477 aede
545 2413 686 2477 Fortuna
707 2434 838 2497 angerem
857 2412 1000 2495 jubaturn
1017 2434 1036 2474 a
1050 2416 1215 2497 compluri-

167 2502 336 2563 busvisum
357 2523 446 2564 esse:
475 2497 560 2579 alter,
586 2501 617 2562 in
638 2502 701 2563 aede
726 2499 953 2582 ⁸⁰Primigeniae
976 2497 1126 2577 Fortmrae,
1150 2522 1216 2583 quse

166 2586 199 2649 in
214 2588 293 2652 colle
308 2598 365 2667 est,
382 2589 444 2651 duo
459 2588 579 2650 diversa
593 2587 751 2670 prodigia;
782 2588 918 2671 palmam
939 2585 971 2647 in
985 2606 1057 2648 area
1079 2591 1222 2672 enatam,

166 2685 199 2735 et
221 2677 367 2757 sanguine
395 2675 527 2753 interdiu
557 2675 678 2755 pluisse.
722 2673 792 2736 Duo
819 2695 881 2736 non
908 2683 1049 2754 suscepta
1073 2675 1214 2757 prodigia

165 2773 247 2840 sunt,
271 2762 400 2824 alrerum
423 2761 506 2842 qood
531 2761 562 2821 in
587 2761 705 2843 privato
731 2761 800 2823 loco
826 2760 939 2824 factum
963 2771 1055 2838 esset,
1080 2761 1216 2843 palmam

166 2859 290 2912 citatam
316 2847 449 2931 inpluvio
472 2868 527 2910 suo
549 2842 588 2908 Τ.
605 2845 741 2908 Marcius
768 2846 892 2929 Figulus
918 2847 1106 2909 nunciabat:
1137 2847 1215 2909 alte·

167 2953 245 3012 rum,
267 2934 349 3018 quod
371 2935 403 2995 in
425 2935 494 2996 loco
521 2934 692 3016 peregrino,
715 2931 859 3016 Fregellis
884 2934 915 2994 in
937 2935 1031 2995 domo
1061 2931 1097 2995 1..
1125 2932 1213 2995 Atrei

166 3019 267 3098 hasta,
282 3041 373 3101 quam
389 3020 452 3084 filio
467 3019 557 3082 militi
573 3032 699 3096 emerat,
714 3019 847 3083 interdiu
861 3019 929 3102 plus
951 3020 1027 3082 duas
1048 3020 1139 3082 boras
1164 3041 1214 3081 ar·

168 3105 254 3182 aisse,
268 3107 314 3166 ita
327 3119 361 3168 ut
374 3107 450 3168 nibil
465 3105 530 3186 ejus
554 3107 724 3168 ambureret
747 3107 837 3188 ignis,
861 3106 1030 3168 dicebatur.
1075 3103 1216 3167 Publico-

113 3196 118 3202 '
170 3207 239 3250 rum
253 3191 456 3274 prodigiorum
471 3211 577 3252 caussa
601 3193 628 3229 ⁰⁰
639 3191 706 3253 libri
728 3213 748 3252 a
762 3193 938 3254 decemviris
960 3191 1057 3266 aditi;
1083 3191 1216 3274 quadra.

166 3329 250 3394 vtaota
259 3319 347 3370 laem·
357 3322 418 3370 abeat
429 3321 498 3371 Groa
510 3321 579 3370 cm.
622 3324 761 3370 *nmero
772 3325 867 3386 triginta
877 3321 943 3369 End.
988 3322 1132 3369 runem.
1142 3319 1216 3370 Doer.

202 3423 677 3488 ”qunnmoisn'arhodmltnprm
708 3425 796 3474 llaeut.
824 3438 853 3473 ιι.
874 3425 892 3472 l.
913 3425 951 3473 16.
976 3425 1055 3489 rodigio
1078 3435 1110 3473 est
1130 3427 1210 3477 dian.

188 3492 193 3502 “
230 3489 242 3552 J
272 3492 311 3540 Sic
331 3491 401 3540 edidit
422 3491 540 3542 οδκιιιιιι
559 3490 675 3540 ῦιοιιοιίο
708 3490 761 3538 ‘Si
779 3489 831 3553 quis
850 3502 929 3538 umen
953 3490 1066 3550 volgatam
1087 3491 1213 3541 lectionem

224 3557 230 3568 '
272 3581 286 3606 ι
312 3556 403 3618 Vulgari
421 3557 506 3607 babent
528 3556 674 3606 menifestum
705 3557 768 3604 tueri
788 3555 852 3612 velit,
870 3554 939 3601 babet
959 3571 1005 3617 quo
1022 3557 1110 3605 suarm
1134 3572 1225 3606 uem..

166 3621 287 3679 nandium,
295 3625 370 3672 mila.
707 3619 771 3684 plum
788 3621 870 3672 elx.
892 3619 994 3677 liviam,
1010 3637 1032 3669 o.
1048 3623 1090 3672 37.
1107 3620 1160 3670 vu.
1180 3621 1214 3671 ibi

199 3686 394 3751 1ΗΔΙιιοιιιιιιι]
412 3688 479 3738 Feres
707 3689 809 3736 notos.

198 3749 675 3818 “Animuflmirnrufflaadamet'r-
740 3749 837 3797 ⁵⁸Cob'
862 3749 959 3797 ardoldo
983 3752 1060 3810 perles
1084 3747 1212 3812 affuturas]

167 3813 290 3864 mer.
317 3805 554 3874 Sdretamlomat
571 3833 600 3865 aa
618 3830 674 3879 quo·
709 3812 1215 3879 Gronoriuamdletrffnlsamtmtlxanc.

169 3891 278 3992 w
266 3882 326 4008 ὦ
335 3881 441 3995 2310
460 3884 570 3931 mre
589 3892 635 3941 esc,
654 3881 678 3927 ld
709 3877 1204 4009 ”bstfflfi‘bfffflssmcff

420 3963 456 3994 us.
775 3945 915 4008 Prngmae
1202 3967 1216 3982 ·

204 4008 543 4075 ”nonantulanam
562 4049 568 4062 .
587 4026 675 4071 ..pro
706 4009 916 4062 raaitGronovius.

168 4075 341 4140 mnam]
364 4075 606 4137 Vrdeturlegeaduro
624 4091 675 4124 asca
739 4074 867 4123 sttrta
889 4072 1015 4121 moris
1035 4071 1173 4122 edith...
1192 4081 1216 4120 et

207 4140 214 4150 '
261 4139 674 4206 bdignbhallglooianimeaba·
707 4137 852 4200 addiderunt]
881 4136 1067 4193 mutunus,
1100 4135 1216 4186 uemboe

165 4151 342 4263 &daimon
357 4220 411 4268 qua
425 4221 562 4264 emmor,
578 4207 677 4270 queis-
709 4207 777 4254 modo
797 4203 899 4254 restituit
915 4201 1059 4250 Grooorinar
1081 4151 1156 4250 illm
1170 4204 1216 4278 de·

169 4270 350 4320 nomiari
372 4271 489 4330 nolanae,
515 4286 607 4321 mea
656 4286 676 4317 a
707 4271 798 4318 oemiri
823 4269 898 4323 editis,
922 4268 1070 4331 qudraginta
1098 4266 1215 4327 majoribus

365 4335 404 4384 dic
431 4337 448 4387 1.
469 4350 494 4386 ι.
511 4352 534 4386 c.
556 4339 596 4387 23.
616 4287 676 4384 ddr's
707 4333 927 4394 mitond-siliis
941 4335 1037 4380 mula
1054 4333 1213 4392 mytram,

209 4400 215 4412 '
279 4402 676 4464 squamatum&
707 4399 932 4455 ulmetum
970 4395 1075 4446 Verbum
1097 4397 1215 4443 midam

165 4463 293 4528 reb'gim
316 4467 383 4516 ct'un
400 4467 523 4520 trabebant.
564 4465 595 4515 Es
617 4465 675 4518 Tar.
707 4462 926 4514 hacinresolennc
943 4473 988 4527 cat,
1001 4477 1045 4512 nec
1060 4460 1213 4525 potcstdubl·
