3184 5225
384 381 444 436 aaa
509 337 516 350 ’
796 364 882 426 urm
901 365 1001 424 urvu

383 529 504 614 pentius
518 529 557 589 de
578 525 729 590 industria
750 532 944 598 tractaretur,
966 518 1143 584 idemtidem
1160 517 1261 582 dicere
1285 518 1429 586 solitam:

383 623 409 673 ot
421 616 632 692 θρωμβαῖσομαι,
653 613 666 646 ‘
679 609 751 672 Non
766 605 998 690 triumphabat:

334 765 340 776 ν
383 698 501 810 nm,
507 695 646 815 ll’lorplxtprno¹
653 705 681 744 et
693 704 860 744 commentator
874 701 940 740 vetus
950 687 1047 754 Cruquii
1057 688 1086 738 aa
1098 687 1182 738 Horat.
1194 688 1240 739 Οὐ.
1253 701 1271 740 1.
1282 687 1323 752 37,
1334 689 1374 738 30.
1393 688 1431 738 ct.

385 1000 441 1068 lll.
464 998 650 1066 lNCllRTA
671 997 729 1062 EX
752 992 1041 1146 QUIBSlplSerlVll
1060 991 1198 1058 LIBRIS
1219 991 1429 1058 DESUMTA

426 1250 482 1312 Vir
497 1249 610 1331 ingenii
625 1247 725 1328 magni
743 1246 855 1327 magis,
869 1266 960 1329 quam
973 1244 1060 1320 boni.

480 1335 567 1382 Seneca
578 1335 607 1380 de
618 1332 654 1378 Ira
664 1346 682 1379 r.
697 1332 733 1379 16.

426 1416 583 1489 Profiteor,
600 1413 701 1474 mirari
729 1433 778 1472 me
800 1407 840 1471 Τ.
857 1408 985 1486 Livium,
1008 1419 1162 1469 auctorem
1185 1407 1426 1486 celeberrimum,

383 1505 415 1564 in
430 1502 623 1567 historiarum
638 1510 770 1575 suarum,
782 1517 859 1578 quas
871 1497 982 1579 repetit
998 1497 1036 1556 ab
1051 1494 1168 1573 origine
1184 1493 1277 1571 urbis,
1292 1494 1427 1574 quodam

382 1589 534 1651 volumine
558 1588 601 1646 sic
625 1606 782 1647 exorsum:
817 1581 897 1644 Satis
915 1582 981 1663 jam
1004 1581 1060 1641 sibi
1083 1579 1185 1661 gloria
1206 1581 1376 1660 quesitum,
1396 1593 1427 1641 et

382 1675 516 1757 potuisse
531 1695 564 1733 se
579 1673 726 1744 desinere,
742 1671 774 1731 ni
789 1671 909 1731 animus
925 1668 1042 1749 inquies
1058 1677 1231 1748 pasceretur
1246 1687 1348 1750 opere.

416 1759 477 1807 Pur.
488 1759 512 1804 in
524 1756 616 1806 mato.
625 1755 666 1803 lib.
679 1768 696 1802 ι.
709 1755 771 1802 illst.
786 1751 845 1800 Nat.
941 1791 942 1796 ,

424 1842 463 1905 Τ.
477 1841 579 1902 Livius
602 1859 638 1901 ac
653 1837 759 1919 Nepos
783 1835 941 1897 Cornelius
962 1833 1132 1895 latitudiuis
1158 1832 1239 1913 (freti
1262 1831 1422 1914 Gaditani)

381 1929 579 2004 tradiderunt,
595 1927 645 1986 ubi
661 1925 833 2000 minimum,
849 1934 967 2004 septem
990 1919 1084 1980 millia
1099 1940 1260 2001 passuum
1284 1920 1334 1980 ubi
1351 1939 1423 1982 vero

380 2016 554 2099 plurimum,
569 2014 674 2074 decem
689 2010 795 2071 millia.
856 2048 860 2064 .

415 2099 476 2148 Plio.
486 2096 577 2148 Prelet.
584 2096 624 2145 lib.
636 2107 677 2146 ur.
687 2093 751 2145 Hiar.
762 2095 820 2142 Nat.

423 2180 594 2262 Completis
610 2178 795 2240 consulibus.

478 2267 545 2312 Serv.
554 2263 581 2310 ad
594 2261 657 2322 virg.
669 2261 716 2310 Ge.
729 2273 769 2308 m.
781 2263 803 2310 l.

381 2348 384 2353 ’
423 2346 525 2410 Verba
538 2360 620 2423 sunt,
642 2358 676 2407 ut
692 2346 838 2406 habemus
853 2345 886 2408 in
910 2341 1007 2421 bivio,
1023 2342 1218 2425 imperatoris¹
1232 2343 1423 2426 transfugam

380 2434 553 2515 recipientis
569 2434 601 2494 iu
612 2432 726 2493 lidemr
750 2431 893 2513 Quisquis
909 2452 951 2509 es,
966 2441 1070 2496 noster
1084 2430 1154 2494 eris.

412 2518 476 2566 serv.
485 2518 514 2564 aa
524 2515 588 2577 vag.
599 2514 653 2563 aa.
667 2529 695 2564 ιι.
708 2516 761 2565 rae.

423 2600 565 2683 Impubes
581 2600 724 2681 libripens
740 2621 806 2661 ease
821 2622 883 2661 uon
900 2609 1010 2682 potest,
1025 2619 1124 2680 neque
1139 2597 1294 2663 antestari.

410 2684 518 2733 Priscian.
528 2684 568 2731 lib.
587 2697 643 2733 vrri.
676 2684 783 2733 Gramm.
799 2700 821 2746 p.
834 2684 888 2733 792.
921 2683 959 2731 De
978 2697 1046 2730 seusu
1061 2682 1142 2729 horum
1159 2682 1278 2729 verborum
1293 2681 1343 2729 vide
1359 2656 1422 2731 viros·

377 2749 457 2796 doctos
469 2750 495 2794 ad
507 2748 556 2794 Caii
568 2748 672 2795 Institut.
681 2748 697 2794 l.
709 2762 728 2795 1.
739 2748 775 2795 tit.
786 2750 809 2796 6.
819 2762 841 2811 p.
852 2746 891 2803 57,
901 2750 941 2797 58.
952 2758 976 2795 et
991 2749 1050 2811 inpr.
1068 2747 1166 2796 Gerard.
1180 2747 1309 2803 Meamne,
1326 2746 1352 2794 iu
1367 2747 1421 2795 diss.

378 2814 407 2861 rie
422 2815 490 2861 rebus
498 2813 597 2877 mancipi
608 2824 632 2859 et
643 2827 687 2860 nee
699 2813 799 2876 mancipi
810 2814 824 2875 a
835 2812 881 2859 268
892 2820 917 2860 ct
927 2814 983 2862 273.

422 2892 640 2981 imperatorem
656 2917 706 2956 me
721 2910 819 2956 mater
831 2916 910 2973 mea,
926 2916 987 2957 non
999 2895 1177 2957 bellatorem
1193 2897 1320 2981 peperit.

411 2981 465 3029 Hoc
476 2980 587 3043 Scipionis
595 2982 681 3028 dictum
692 2995 719 3027 ex
732 2979 797 3026 Livio
807 2978 895 3026 adferre
906 2979 997 3027 videtur
1014 2979 1143 3027 Guilelmus
1154 2978 1366 3029 Malmetbutlenois
1377 2996 1422 3029 rer.

376 3045 446 3106 Aegl.
455 3045 496 3095 lib.
510 3058 539 3094 tt.
552 3061 575 3107 p.
590 3047 643 3094 162.

419 3129 480 3192 Dic
492 3130 578 3207 milri,
593 3149 686 3209 quum
701 3151 779 3211 saepe
795 3148 921 3191 numero
937 3129 969 3190 in
984 3128 1131 3191 Romanis
1143 3129 1277 3191 historiis
1292 3130 1422 3211 legatur,

376 3216 464 3278 Livio
491 3228 627 3293 auctore,
649 3217 813 3296 saepissime
839 3217 870 3276 iu
894 3216 951 3276 hac
967 3217 1039 3276 urbe
1054 3227 1161 3277 exorta
1183 3215 1359 3294 pestilentia
1373 3218 1422 3277 in-

292 3372 296 3378 ,
376 3304 463 3365 linita
477 3304 635 3364 hominum
650 3302 747 3363 millia
761 3302 934 3383 deperiisse,
944 3312 1034 3381 atque
1047 3324 1084 3364 eo
1100 3302 1271 3382 frequenter
1285 3316 1421 3381 rentum,

376 3401 411 3452 ut
424 3390 475 3450 vix
485 3401 577 3465 esset,
587 3389 667 3449 unde
679 3388 738 3448 illis
750 3388 901 3449 bellicosis
914 3389 1101 3469 temporibus
1113 3389 1262 3449 exercitus
1273 3389 1422 3470 potuisset

376 3476 517 3550 adscribi,
539 3475 592 3536 illo
607 3487 744 3556 tempore
767 3472 835 3533 Deo
851 3486 905 3535 tuo
925 3472 1087 3535 Februario
1111 3474 1234 3535 minime
1249 3474 1419 3537 litabatur?

375 3562 425 3621 An
449 3562 541 3623 etiam
563 3562 660 3621 cultus
689 3561 738 3621 bic
758 3559 884 3621 omniuo
905 3559 981 3620 nihil
1003 3560 1168 3642 proderat?
1205 3558 1261 3621 llio
1283 3571 1421 3645 tempora

376 3646 556 3729 Lupercalia
581 3668 642 3707 uon
657 3642 908 3707 celebrabantur?
945 3643 1011 3707 Nec
1034 3648 1116 3707 euim
1140 3647 1275 3708 dicturus
1291 3668 1334 3724 aa,
1357 3648 1420 3709 brec

374 3754 460 3795 saera
478 3734 578 3795 adhrm
594 3733 646 3793 illo
659 3744 796 3814 tempore
813 3753 874 3793 non
890 3733 1028 3813 coepisse,
1040 3754 1104 3813 qua
1120 3744 1191 3794 ante
1204 3732 1369 3794 Romulum
1381 3734 1419 3795 ab

372 3820 514 3881 Evandro
535 3820 567 3879 in
591 3818 712 3881 ltaliam
736 3819 931 3900 perhibentur
956 3818 1064 3879 inlata.
1113 3817 1294 3902 Lupercalia
1315 3832 1418 3882 autem

372 3918 496 3988 propter
511 3906 584 3987 quid
600 3906 742 3966 instituta
763 3906 836 3980 sint,
855 3904 1014 3985 (quantum
1032 3904 1069 3965 ad
1085 3905 1178 3986 ipsius
1194 3906 1418 3987 superstitionis

372 4004 547 4052 commenta
562 3990 745 4073 respectant)
772 3989 871 4051 Livius
888 3991 1020 4052 secunda
1043 3992 1157 4051 decade
1172 3992 1327 4072 loquiturr
1362 4013 1418 4053 nec

371 4089 496 4158 propter
508 4078 629 4139 morbos
641 4077 822 4138 inhibendos
834 4077 973 4138 instituta
984 4089 1215 4155 commemorat,
1228 4078 1281 4139 sed
1293 4088 1419 4160 propter

372 4163 564 4223 sterilitatem
579 4163 749 4241 mulierum,
765 4183 830 4243 quae
847 4176 920 4223 tune
936 4163 1102 4241 adsideret,
1118 4164 1341 4225 exsolvendam.

404 4243 452 4355 ῗέθ
460 4243 633 4358 ῦεΙιοίἰδξψω
644 4246 719 4310 Epist.
737 4248 843 4294 adversus
854 4244 1040 4293 Andromachum
1057 4246 1081 4293 in
1094 4247 1185 4293 Beronii
1197 4246 1284 4297 Arnai.
1297 4246 1378 4295 coclea.
1389 4246 1417 4296 aa

371 4322 391 4354 a.
455 4322 536 4357 .uum.
581 4345 586 4357 .
