3184 5225
363 376 437 436 156·
786 362 873 431 'rm
894 370 996 431 LlVll
1030 404 1037 410 ·

191 529 332 581 ΗΑΒ*
362 531 401 593 de
415 529 533 593 ratione
559 524 776 608 belligerandi
804 525 908 607 coepit.
954 522 1098 587 Placebat
1126 522 1319 607 quibusdam,
1335 526 1433 585 l'et'

190 597 335 711 &552⁶ss
362 612 496 679 manime
510 613 675 695 majoribus
689 623 774 688 natu,
790 631 844 694 per
855 610 963 693 Enipei
975 610 1072 694 ripam
1087 612 1333 691 munitionesque
1342 610 1406 671 vim

192 723 262 773 bello.
361 704 472 779 facere,
488 704 499 735 ‘
514 700 660 762 confertis
668 710 703 761 et
716 699 778 759 vim
794 697 975 759 facientibus
990 698 1129 758 resistere
1139 695 1405 758 Macedonas—non
1429 720 1434 738 ν

361 790 496 871 ‘posset
520 807 559 848 ex
573 797 623 850 tot
637 786 768 847 castellis
785 784 942 865 aliquanto
957 784 1114 845 altioribus
1130 806 1166 845 ac
1182 784 1407 861 munitioribus,

361 875 372 908 ‘
387 893 453 958 qnae
467 874 575 935 validis
589 870 736 955 praesidiis
751 871 943 948 insedissent,
959 870 1058 952 priore
1073 890 1154 933 anno
1170 867 1324 951 dejectos!
1340 870 1409 931 aliis
1427 887 1432 906 ’

360 961 513 1044 placebat,
543 959 704 1020 Octavium
735 978 804 1019 cum
828 958 923 1018 classe
949 956 1198 1019 Thessalonicam
1231 967 1346 1039 petere,
1374 968 1407 1017 et

360 1047 559 1130 populatione
588 1045 748 1106 maritimae
775 1064 835 1104 orae
864 1043 1043 1125 distringere
1073 1045 1178 1127 copias
1208 1044 1327 1123 regias:
1358 1054 1431 1119 ut,1

361 1134 459 1195 altero
484 1134 522 1192 ab
545 1144 633 1212 tergo
648 1151 680 1191 se
695 1129 878 1191 ostendente
893 1129 983 1207 bello,
1008 1130 1208 1191 circumactus
1223 1131 1261 1191 ad
1273 1128 1402 1191 interio-

359 1239 425 1280 rem
448 1232 566 1300 partem
595 1218 679 1297 regni
695 1216 854 1293 tuendam,
883 1217 998 1277 nudare
1026 1218 1127 1297 aliqua
1150 1226 1237 1298 parto
1258 1215 1401 1275 transitus

318 1343 321 1351 ·
358 1302 470 1386 Enipei
496 1315 665 1385 cogeretur.
708 1300 808 1383 ⁹⁷lpsi
825 1313 935 1364 natura
956 1314 987 1363 et
1009 1304 1150 1386 operibus
1177 1300 1401 1381 inexsuperabi-

360 1391 397 1451 lis
418 1392 485 1471 ripa
508 1390 687 1450 videbatur:
711 1400 752 1466 et,
778 1400 979 1470 praeterquam
1004 1389 1086 1469 quod
1112 1398 1266 1450 tormenta
1291 1388 1404 1467 ubique

359 1475 508 1557 disposita
541 1486 651 1552 essent,
682 1475 846 1535 missilibus
875 1475 968 1535 etiam
991 1476 1099 1537 melius
1126 1488 1158 1537 et
1186 1475 1316 1536 certiore
1339 1473 1405 1533 ictu
1430 1487 1433 1495 ’

358 1562 463 1624 hostes
487 1562 531 1623 uti
557 1561 704 1622 audierat
748 1560 820 1621 Alio
846 1562 1006 1643 spectabat
1032 1582 1118 1623 mens
1141 1572 1211 1623 tota
1225 1560 1330 1620 ducis:
1354 1558 1403 1619 di-

358 1648 511 1729 missoque
526 1648 653 1709 consilio
680 1646 855 1708 Perrhaebos
881 1659 1076 1724 mercatores,
1103 1645 1268 1709 Schoenum'
1284 1656 1317 1706 et
1332 1642 1404 1705 Me·

358 1734 529 1816 nophilnm,
544 1750 623 1794 uota
638 1745 670 1793 et
684 1732 755 1793 lidei
778 1731 845 1813 jam
869 1734 926 1793 sibi
941 1743 973 1793 et
986 1734 1153 1817 prudentiae
1177 1732 1328 1809 homines,
1355 1750 1403 1791 ar-
1425 1758 1430 1775 .

358 1820 484 1881 cessitos
499 1835 618 1882 secreto
641 1829 865 1902 percunctatur,
888 1819 991 1901 quales
1015 1820 1053 1881 ad
1076 1819 1275 1882 Perrhaebiam
1292 1816 1430 1879 tranni-··¹

357 1917 408 1967 tus
428 1907 499 1967 sint.
542 1905 643 1975 Quum
659 1906 728 1966 loca
747 1925 809 1966 non
833 1905 937 1985 iniqua
962 1926 1026 1968 esse
1051 1906 1198 1983 dicerent,
1222 1906 1249 1945 ’Β
1258 1902 1402 1987 praesidiis

357 2004 462 2054 autem
489 1993 568 2073 regis
595 1991 740 2069 obsideri,
765 2012 850 2073 spem
867 1992 958 2073 cepit,
980 1992 1005 2052 si
1021 2003 1112 2053 nocte
1127 1992 1280 2075 inproviso
1303 1989 1404 2052 valida

357 2098 450 2138 manu
474 2078 631 2158 adgressus
658 2078 878 2159 necopinantes
904 2090 994 2155 esset,
1021 2077 1110 2158 dejici
1137 2077 1276 2160 praesidia
1301 2096 1428 2159 posse..

356 2164 369 2195 ‘
381 2162 494 2225 Jacula
503 2164 583 2224 enim
595 2177 628 2226 et
637 2165 765 2245 sagittas
773 2175 806 2225 et
815 2174 915 2225 cetera
926 2164 1051 2225 missilia
1059 2164 1090 2224 in
1103 2164 1247 2241 tenebris,
1256 2163 1318 2241 nbi,
1329 2162 1402 2243 quid

356 2250 369 2281 ‘
382 2261 513 2332 petatur,
525 2250 649 2332 procnl⁰
660 2250 810 2332 provideri
824 2262 965 2330 nequeat,
975 2250 1094 2312 inutilia
1105 2271 1180 2312 esse.
1190 2250 1294 2331 gladio
1305 2249 1401 2310 comi-

358 2336 370 2370 ‘
385 2356 440 2399 nus
452 2336 516 2416 geri
529 2356 593 2397 rem
602 2337 633 2397 in
649 2337 803 2418 permixta
815 2338 913 2415 turba,
929 2356 990 2417 quo
1005 2336 1091 2397 miles
1109 2336 1264 2398 Romanus
1278 2332 1400 2397 vincat?
1424 2360 1427 2365 ·

358 2417 417 2481 His
429 2422 556 2482 ducibus
578 2442 694 2499 usnnu,
718 2436 878 2504 pretorem
902 2420 1062 2484 Octauium
1090 2424 1279 2499 arcessitum,
1305 2442 1403 2503 expo·

357 2504 428 2582 sito,
454 2508 527 2587 qnid
553 2520 685 2589 pararet,
709 2506 893 2570 Heracleum
916 2528 985 2569 cum
1008 2510 1103 2570 classe
1126 2521 1230 2591 petere
1248 2508 1347 2591 jubet,
1371 2520 1403 2569 et

358 2593 441 2655 mille
465 2593 638 2654 hominibus
663 2593 769 2657 decem
794 2595 913 2658 dierum
935 2607 1024 2656 cocta
1037 2595 1151 2657 cibaria
1162 2596 1287 2657 babere.
1332 2593 1401 2676 lpse

190 2671 277 2785 w·
292 2683 345 2782 5³⁰¹
359 2677 393 2740 P.
420 2676 598 2760 Scipionem
629 2678 785 2759 Nasicam,
820 2685 847 2722 ⁹⁹
862 2682 901 2751 Q.
934 2680 1061 2743 Fabium
1093 2681 1265 2744 Maximum
1305 2680 1424 2742 lilium·

191 2751 338 2848 Μῃᾟζέζ
358 2782 445 2825 sunm
460 2785 529 2826 cum
546 2766 679 2846 quinque
694 2766 820 2829 delectis
836 2768 967 2829 millibus
988 2766 1172 2830 Heracleum
1197 2769 1304 2844 mittit,
1319 2767 1402 2828 velut
1425 2803 1430 2820 .

189 2865 322 2930 tardry.
358 2850 487 2912 classem
501 2852 717 2913 conscensuros
742 2853 782 2914 ad
805 2854 989 2916 maritimam
1004 2875 1089 2916 oram
1115 2854 1267 2916 interioris
1289 2851 1400 2915 Mace·
1423 2879 1428 2896 ·

190 2930 276 3013 &⁰⁰¹3
358 2937 468 3012 donia,
483 2937 565 3018 qnod
580 2939 612 3000 in
627 2939 756 3000 consilio
779 2940 928 3022 agitatum
943 2953 1019 3018 erat,
1039 2941 1227 3003 vastandam.
1271 2935 1426 3001 Secreto·

357 3022 537 3101 indicatum,
557 3025 672 3086 cibaria
695 3025 742 3087 his
765 3037 934 3109 praeparata
957 3026 996 3088 ad
1020 3027 1146 3090 classem
1171 3047 1245 3103 esse,
1268 3023 1396 3105 nequid
1422 3069 1426 3080 .

357 3128 411 3171 eos
426 3120 604 3171 moraretur.
648 3109 722 3172 lnde
733 3109 809 3192 jussi
825 3113 917 3174 duces
932 3113 1047 3175 itineris
1063 3113 1106 3174 ita
1120 3114 1251 3176 dividere
1262 3111 1400 3188 viam,nt
1423 3155 1427 3163 .

357 3207 465 3276 quarte.
494 3196 599 3276 vigilia
626 3197 718 3259 tertio
747 3198 797 3261 die
826 3198 988 3282 ¹Pythium
1016 3199 1126 3260 adorid
1151 3211 1284 3282 possent.
1329 3195 1425 3280 lpse·

356 3294 479 3364 postero
494 3283 555 3360 die,
570 3294 606 3344 ut
618 3283 777 3346 distineret
791 3305 894 3366 regem
910 3285 949 3346 ab
965 3286 1185 3368 circumspectu
1207 3305 1307 3346 rernm
1322 3283 1400 3346 alia·
1421 3352 1426 3361 Ι

356 3387 434 3446 rum,
464 3369 563 3452 prima
586 3368 653 3431 luce
683 3370 785 3431 medio
808 3371 838 3432 in
861 3371 946 3434 alveo
968 3392 1038 3432 cum
1061 3371 1241 3433 stationibus
1264 3371 1399 3432 hostium

356 3455 496 3536 proelium
522 3448 685 3518 commisit.
708 3469 935 3539 pugnatumque
963 3458 1114 3538 utrimque
1139 3469 1185 3519 est
1214 3457 1272 3518 levi
1299 3477 1399 3518 arma·

356 3551 443 3600 tura:
467 3561 523 3622 nec
538 3542 724 3621 gravioribus
744 3543 836 3604 armis
856 3543 888 3604 in
910 3557 975 3606 tam
999 3543 1137 3624 inaequali
1160 3543 1247 3605 alveo
1271 3542 1400 3626 pugnari

356 3638 488 3707 poterat.
530 3624 702 3690 Descensus
729 3629 800 3712 ripa
821 3629 973 3713 utriusque
998 3631 1028 3691 in
1055 3629 1172 3691 alveum
1194 3642 1401 3691 trecentorum

356 3711 452 3774 ferme
467 3733 610 3795 passuum
634 3724 719 3777 crat:
744 3715 879 3778 medium
903 3717 1036 3799 spatium
1051 3715 1205 3794 torrentis,
1221 3715 1294 3778 alibi
1311 3717 1400 3778 aliter
1417 3787 1421 3806 ι

756 3868 768 3891 ·
775 3863 854 3923 pnwul
864 3861 908 3911 del.
920 3864 989 3912 Crer.

353 4032 361 4046 ·
385 3969 450 4020 Μ)
467 3975 559 4020 manne
578 3973 692 4034 majoribus
709 3973 777 4036 notu]
814 3975 859 4023 Er·
892 3973 1063 4041 regiirtutjsm
1075 3977 1129 4024 alibi
1138 3977 1305 4025 estimavimus.

353 4034 478 4082 rstimrmus
497 4037 672 4102 liviumpotins
689 4039 805 4100 scripsisse
816 4042 859 4086 mi·
922 4043 969 4078 *θ’
986 4039 1015 4094 Q.
1044 4041 1136 4090 Fabium
1169 4041 1292 4090 Maximam
1316 4039 1399 4102 filium

353 4100 442 4172 mribus
462 4107 526 4149 norst.
570 4103 690 4151 Ferridom
717 4105 779 4150 euim
804 4105 859 4152 illud
890 4105 965 4170 suum]
982 4105 1073 4172 Nempe
1085 4108 1103 4154 is
1113 4107 1232 4170 adoptatos
1242 4108 1343 4154 lucrare
1364 4105 1421 4166 Q.‘

354 4163 473 4211 consilium
485 4165 596 4213 faciendus
611 4168 651 4215 sibi
668 4169 711 4214 vie
726 4185 769 4233 per
785 4169 857 4234 ripam
892 4170 962 4218 Fabio
972 4172 1083 4234 Maximo,
1095 4184 1164 4234 atque
1178 4175 1235 4222 adeo
1252 4173 1342 4221 nomina
1354 4188 1396 4236 pa·

354 4227 436 4304 Enipei
454 4231 637 4294 munitionesque
655 4234 726 4292 magis
746 4234 803 4298 sapit
818 4233 857 4298 jn·
891 4236 931 4283 tris
941 4236 977 4282 sui
985 4237 1083 4300 adoptivi
1094 4237 1195 4298 gerebat.

353 4292 452 4340 veurlem
472 4295 584 4353 ardorem,
600 4314 668 4361 quam
686 4298 782 4348 senilem
804 4315 859 4365 pru·
924 4297 1064 4366 repensum]
1079 4301 1205 4366 Templum
1229 4301 1341 4366 Apollinis
1349 4301 1399 4368 ey-

354 4358 464 4407 dentism.
892 4363 943 4422 thil,
952 4377 975 4412 et
987 4367 1273 4416 castelluminsnmmool
1290 4370 1404 4436 mpljrrgo

385 4421 587 4501 winilffimllio.
892 4431 999 4495 positum
1025 4431 1077 4481 vic.
1090 4385 1302 4483 PlutinAEmilb.

384 4487 694 4556 ”Prcrsdissmsnngid
734 4493 860 4544 Manena
975 4525 977 4528 ·
1269 4510 1273 4518 “
