3184 5225
581 662 638 764 T.
679 662 854 764 LIVII
905 660 1248 765 PATAVINI

731 897 923 971 urana
960 895 1092 1005 xcv.

772 1110 1015 1125 affl

214 1248 286 1364 ΗΞ·
301 1254 357 1365 {gg
428 1260 649 1324 VlC'l'ORlAE'
660 1264 774 1341 nuncii,
798 1262 838 1332 Q.
853 1261 964 1325 Fabius
980 1273 1012 1324 et
1028 1261 1064 1323 L.
1079 1261 1223 1324 Lentulus
1248 1272 1279 1323 et
1300 1260 1339 1329 Q.
1364 1256 1441 1322 Me-

214 1350 325 1429 piffl,
350 1352 357 1367 '
385 1350 486 1427 tellus,
508 1360 624 1431 quanta
650 1351 752 1433 potuit
779 1349 915 1411 adhiberi
945 1348 1118 1428 festinatio,
1141 1349 1279 1410 celeriter
1304 1345 1441 1408 Romam

212 1445 369 1521 viauaeMe.
383 1456 476 1516 quum
491 1435 653 1513 venisseut,
677 1446 875 1519 praecerptam
903 1447 1007 1497 tamen
1033 1434 1097 1517 ejus
1124 1436 1166 1497 rei
1191 1434 1326 1496 laetitiam
1352 1433 1440 1493 inre·

214 1512 330 1562 mmm·
381 1533 501 1583 nerunt.
546 1522 663 1592 Quarto
689 1536 759 1605 post
784 1522 845 1601 die,
874 1542 967 1604 quam
993 1544 1064 1585 cum
1088 1543 1159 1603 rege
1183 1533 1231 1583 est
1254 1532 1440 1602 pugnatum,

382 1628 475 1689 quum
502 1610 532 1669 in
560 1609 642 1671 circo
669 1608 732 1671 ludi
760 1607 877 1686 fierent,
908 1628 1044 1670 murmur
1073 1619 1199 1690 repente
1233 1605 1338 1689 populi
1368 1616 1438 1668 tota

381 1694 557 1775 spectacula
572 1696 722 1777 pervasit3
747 1696 943 1776 ‘pugnatum
959 1695 990 1755 in
1014 1693 1211 1772 Macedonia,
1232 1707 1263 1755 et
1281 1692 1437 1754 deuictum

380 1801 483 1863 regern
509 1780 595 1843 essa’
639 1780 719 1843 Dein
750 1781 889 1843 fremitus
916 1780 1103 1843 increbruit:
1139 1792 1293 1862 postremo
1317 1777 1436 1839 clamor

380 1866 573 1949 plaususque,
590 1868 672 1930 velut
687 1879 770 1933 certo
796 1867 908 1929 nuncio
930 1867 1064 1929 victoria
1090 1867 1206 1944 adlato,
1229 1876 1275 1927 est
1299 1876 1442 1928 exortus.

380 1950 489 2015 Mirari
505 1956 711 2036 magistratus,
727 1966 759 2016 et
773 1975 903 2035 querere
926 1968 1083 2016 auctorem
1108 1953 1273 2036 repentina
1297 1951 1435 2013 latitia:

379 2040 431 2120 qui
457 2052 620 2122 postquam
650 2042 749 2103 nullus
780 2053 858 2118 erat,
888 2042 1035 2103 ¹evanuit
1058 2040 1182 2122 quidem
1205 2051 1362 2121 tamquam
1384 2035 1436 2098 iu'-

380 2136 471 2187 certa
495 2128 538 2187 rei
564 2128 709 2209 gaudium
721 2150 731 2205 3
768 2148 859 2189 omen
881 2137 984 2188 tamen
1009 2128 1112 2189 laetum
1135 2126 1289 2187 insidebat
1314 2124 1438 2185 animis.

379 2208 470 2280 Quod
496 2226 659 2294 postquam
682 2214 759 2275 veris
786 2213 905 2275 nunciis
935 2211 1020 2276 Fabii
1047 2211 1229 2295 Lentulique
1256 2222 1288 2275 et
1315 2208 1436 2271 Metelli

378 2297 509 2360 adventu
526 2299 679 2361 firmatum
696 2314 754 2379 est,
777 2322 870 2381 quum
884 2300 1012 2361 victoria
1027 2301 1104 2382 ipsa,
1126 2312 1192 2361 tum
1216 2298 1342 2380 augurio
1368 2295 1436 2386 aui·

377 2404 498 2446 morum
528 2406 663 2464 suorum,
700 2386 887 2449 laetabantur.
935 2382 977 2447 Et
1007 2386 1096 2448 aliter
1125 2384 1257 2449 traditur
1286 2382 1435 2447 circensis
1479 2424 1488 2431 -

377 2472 474 2535 turbae
489 2493 551 2533 non
568 2473 667 2535 minus
683 2474 789 2535 similis
804 2474 867 2534 veri
882 2472 998 2533 laetitia.
1043 2476 1055 2510 ²
1072 2472 1155 2534 Ante
1180 2470 1262 2533 diem
1278 2470 1434 2531 decimum

378 2550 534 2620 Kalendas
561 2558 722 2640 Octobres,
755 2559 895 2621 ludorum
921 2557 1132 2625 Romanorum
1160 2556 1296 2620 secundo
1316 2556 1377 2634 die,
1396 2552 1437 2618 C.

377 2641 497 2707 Licinio
513 2647 640 2724 consuli,
656 2646 693 2708 ad
711 2646 873 2728 quadrigas
897 2645 1065 2708 mittendas
1093 2649 1106 2684 ³
1123 2645 1312 2721 escendenti,
1334 2643 1432 2704 tabel-

377 2730 480 2810 lariuS,
504 2733 555 2815 qui
572 2754 604 2794 se
620 2754 657 2794 ex
673 2729 860 2794 Macedonia
874 2732 975 2794 venire
997 2732 1124 2809 diceret,
1148 2732 1337 2793 *laureatas
1361 2729 1434 2790 lite'·
1516 2789 1523 2799 ,

377 2838 425 2878 ras
442 2820 574 2882 dicitur:
599 2819 753 2900 quadrigis
769 2819 879 2896 missis,
904 2818 1011 2880 consul
1028 2839 1147 2884 currum
1163 2816 1363 2880 conscendit:
1388 2825 1433 2893 et,

377 2923 469 2983 quum
485 2927 540 2988 per
558 2907 671 2968 circum
697 2907 887 2968 reveheretur
912 2904 978 2964 ⁴od
1001 2903 1083 2966 foros
1108 2905 1253 2986 publicos,
1276 2901 1433 2964 laureatas

377 2989 512 3053 tabellas
524 2992 638 3074 populo
654 2992 799 3054 ostendit.
844 2989 960 3062 Quibus
983 2993 1165 3073 conspectis,
1187 3000 1308 3072 repente
1328 2984 1434 3048 iume-

376 3095 444 3136 mor
459 3079 624 3159 spectaculi
641 3079 769 3161 populus
785 3079 818 3139 iu
832 3077 967 3140 medium
984 3077 1128 3140 decurrit.
1148 3099 1185 3140 eo
1200 3072 1337 3138 serratum
1352 3093 1433 3134 cou-

375 3161 422 3222 sul
437 3165 568 3242 vocavit,
591 3165 784 3246 recitatisque
810 3163 942 3241 tabellis,
965 3185 1002 3225 ex
1026 3163 1209 3226 auctoritate
1231 3161 1355 3222 Patrum
1374 3180 1432 3241 pro

265 3305 273 3322 ,
376 3247 449 3309 foris
475 3251 603 3332 publicis
629 3251 822 3315 denunciavit
846 3249 980 3332 populo:
1004 3247 1066 3311 ‘L.
1090 3249 1252 3312 AEmilium
1278 3245 1430 3333 collegae]

375 3333 502 3416 ‘siguis
527 3338 657 3400 conlatis
683 3333 752 3400 cuni
780 3319 850 3418 reg'e
878 3334 986 3397 Perseo
1011 3357 1173 3418 pugnasse.
1217 3331 1430 3396 Macedonum

375 3418 574 3485 ‘exercitum
591 3445 699 3487 caesum
724 3423 894 3505 fusumque.
938 3420 1054 3499 Regem
1079 3444 1148 3485 cum
1174 3421 1282 3505 paucis
1307 3419 1432 3500 fugisse.
1493 3481 1502 3496 ‚

375 3503 386 3534 ‘
408 3506 545 3570 civitates
561 3531 666 3572 omnes
682 3508 873 3570 Macedoniae
888 3507 919 3569 in
936 3507 1085 3569 ditionem
1105 3509 1210 3591 populi
1227 3506 1361 3569 Romani
1375 3525 1430 3566 ve·

373 3589 508 3654 ‘nisse'
562 3594 620 3656 His
648 3597 772 3672 auditis,
794 3595 911 3656 elamor
937 3615 1007 3655 cum
1037 3596 1154 3682 ingenti
1185 3594 1294 3678 plausu
1320 3604 1446 3707 ortum!

409 3768 418 3798 ¹
448 3763 563 3815 Esoarrr't.
576 3799 602 3816 ..
620 3779 724 3829 rasrqrram
744 3769 834 3815 iram
853 3769 887 3815 rei
909 3780 945 3816 -et
961 3785 1045 3817 novem
1062 3770 1151 3818 diamur
1169 3781 1221 3818 erse
1235 3785 1266 3817 ex
1284 3766 1431 3815 ordiassioue

373 3831 494 3894 gaudium]
520 3833 560 3882 Sic
581 3844 645 3882 recte
667 3832 780 3892 Sigonius.
812 3831 887 3881 Vetus
919 3834 1016 3893 Numae,
1032 3851 1102 3898 qssss
1120 3848 1179 3883 runo
1199 3833 1361 3897 sequebantur
1379 3833 1430 3881 Rs-

373 3895 447 3942 codes
459 3896 538 3944 hshurt
549 3905 654 3960 tarrqrrass
663 3907 734 3947 uene.
919 3900 989 3949 ursui.
1358 3912 1361 3918 '

406 3959 420 3992 ⁹
435 3960 493 4008 Aule
502 3963 560 4010 diem
574 3964 682 4010 aanor
697 3961 752 4012 Kal.
771 3961 882 4025 Octobres]
951 3965 962 3999 ³
980 3964 1121 4027 Mna]
1138 3964 1167 4011 ln
1184 3979 1288 4020 curmusi
1300 3975 1329 4012 sst
1339 3976 1431 4026 NJ

374 4021 426 4068 lmo
436 4025 544 4072 decimum
552 4029 662 4088 quintum.
697 4025 719 4074 ls
728 4029 791 4076 enim
802 4029 885 4076 tertius
917 4045 931 4077 e
942 4031 997 4077 foris
1008 4029 1112 4093 publicis,
1118 4030 1156 4077 ubi
1168 4029 1270 4084 sedebsr,
1279 4029 1307 4076 sd
1319 4041 1429 4075 esseaes

373 4086 480 4132 desimus
496 4089 545 4138 dies
564 4104 613 4140 erat
630 4093 656 4138 ab
668 4108 696 4139 eo
707 4108 753 4154 quo
764 4093 786 4139 iu
801 4092 882 4141 Mace·
917 4096 970 4151 iret,
984 4108 1053 4157 arque
1065 4096 1118 4142 inde
1128 4094 1218 4154 siguum
1230 4093 1343 4154 quadrigis
1352 4093 1430 4140 deret.

373 4149 440 4196 donis
451 4167 574 4212 pugnatum
586 4168 663 4215 ert,ut
676 4158 733 4204 infra
742 4159 883 4205 olaerrstur.
917 4161 1028 4207 Ceterum
1046 4160 1140 4206 unicum
1158 4158 1274 4221 exemplar
1290 4155 1429 4219 pm'erebss

372 4213 408 4260 At
418 4215 488 4276 pridie
499 4217 579 4268 Nonas
593 4223 741 4286 Septembres
757 4233 883 4285 pugnatum
914 4225 1056 4282 musaeu,
1073 4225 1134 4272 unde
1152 4239 1251 4286 pronam
1270 4231 1307 4270 est
1328 4221 1429 4269 efficere

371 4278 564 4344 suentepuprs,
574 4286 591 4332 1.
601 4299 672 4334 xciv.
689 4303 710 4335 c.
720 4289 773 4350 37.)
788 4287 883 4336 'lenius
915 4290 1044 4350 madenti,
1071 4290 1132 4350 quod
1153 4289 1238 4353 placuit
1262 4286 1375 4334 Turuebo
1402 4299 1428 4334 es

371 4343 561 4394 decimussutern
568 4351 616 4398 dies
627 4367 639 4396 s
648 4351 720 4412 pridie
731 4349 812 4412 Nonss
822 4351 882 4416 Sep-
917 4351 1043 4402 Gronovio.

372 4408 475 4456 tembres
485 4423 534 4457 erat
544 4424 599 4462 tuuc
610 4429 633 4462 a.
645 4415 671 4464 d.
681 4428 725 4463 xv.
737 4415 790 4463 nar.
803 4416 878 4465 Octo·
920 4417 1327 4482 2⁴Aas0mpora0oe1vir.ao:.
1347 4417 1427 4468 91.st

372 4471 432 4522 aaa
465 4473 554 4524 uena
572 4477 633 4525 aaa
653 4480 878 4544 septemberque
906 4469 1099 4533 amaea.
