3184 5225
371 338 437 399 368
801 334 887 395 Tl'l'l
906 334 1008 395 LlVll

212 496 358 549 notu
388 502 468 555 rant.
512 490 617 576 Quod·
632 490 684 553 ubi
709 489 774 551 lieri
801 488 916 551 milites
940 506 1073 565 semera
1088 485 1140 551 elii
1163 485 1297 569 gaudere
1321 486 1436 569 polana

214 562 286 617 Ν·
299 562 353 615 ¹⁶⁸-
386 578 470 663 «μω
501 577 597 639 rans
621 577 676 637 νὴ
706 576 810 637 rasore
835 574 1070 657 flagrantissimo
1092 586 1173 637 esu
1198 594 1261 635 non
1286 574 1435 655 casnm

384 682 533 748 pugnare.
559 663 653 743 legati
674 662 759 724 circa
778 662 993 745 imperatorem
1020 660 1173 741 ducesque
1198 659 1316 723 anmi
1339 670 1437 738 erant,

368 750 465 813 ‚inter
474 767 551 829 quos
564 760 598 811 et
607 747 742 826 Attalus,
758 751 888 809 ‘ornnes
896 746 1112 829 adprobantes,
1128 766 1220 827 quum
1231 758 1435 829 pugnaturam

384 836 543 899 consulem
558 835 744 897 credebant:
772 838 893 917 ⁷neque
908 832 990 895 enim
1003 854 1041 895 ne
1056 833 1104 895 his
1119 833 1347 895 cunctationem
1361 852 1436 915 ape·

386 933 489 985 ruerat
502 942 609 983 auam.
631 933 705 983 tunc
726 921 897 985 mutatione
919 919 1039 981 consilii
1064 920 1165 983 subita
1183 938 1274 1000 quum
1297 919 1349 981 alii
1364 918 1435 982 sile-

388 1020 468 1086 rent,
490 1006 607 1069 Nasica
620 1029 699 1069 unns
713 1028 754 1069 ex
776 1007 919 1069 omuibus
941 1027 1031 1069 ausus
1053 1016 1100 1069 est
1121 1026 1246 1067 monere
1266 1006 1437 1083 consulem,

218 1090 311 1169 ⁸⁸¹}oe
319 1103 374 1139 Μ·
388 1094 398 1128 ‘
413 1093 483 1157 ⁸Ne
498 1095 619 1156 bostem
634 1094 758 1175 quidem
773 1092 946 1155 ludificatus
960 1093 1076 1175 priores
1091 1093 1301 1174 imperatores,
1315 1092 1434 1173 fugien-

163 1187 165 1190 ’
215 1161 399 1276 ᾜῗὼῑ
416 1181 456 1242 do
477 1192 642 1258 remman,
663 1180 804 1243 manibus
827 1180 978 1243 emittere.
1022 1177 1140 1257 Vereri,
1160 1200 1200 1241 ne
1220 1190 1310 1241 nocte
1331 1180 1436 1256 abeat,

387 1269 399 1302 ‘
413 1266 585 1347 sequendus
600 1268 737 1329 maximo
747 1266 850 1329 labore
866 1287 902 1327 ac
915 1266 1049 1349 periculo
1064 1266 1096 1327 in
1108 1266 1218 1329 intima
1228 1262 1418 1329 Macedoniae
1423 1286 1434 1343 ς

387 1353 636 1434 ‘exercitusque,
657 1354 737 1415 sicnt
758 1352 908 1435 prioribus
932 1353 1068 1431 ducibus,
1090 1374 1144 1435 per
1166 1352 1258 1415 calles
1282 1352 1437 1433 saltusque

387 1441 399 1475 ‘
413 1438 689 1501 Macedonicorum
701 1440 854 1503 montium
865 1440 1004 1521 vagando
1016 1439 1247 1521 circumagatur.
1291 1436 1332 1499 Se
1347 1458 1436 1521 mag·

388 1527 529 1609 ‘nopere
543 1525 682 1605 suadere,
704 1526 777 1588 dum
792 1526 824 1588 in
840 1547 951 1609 campo
966 1527 1085 1609 patenti
1100 1527 1217 1589 bostem
1232 1526 1358 1602 habeat,
1380 1524 1436 1587 nd-

388 1613 578 1694 ‘grediatun
592 1633 650 1675 nec
665 1613 801 1675 oblatam
816 1613 1008 1678 occasionem
1021 1612 1159 1675 vincendi
1175 1610 1317 1677 amittat!
1351 1609 1435 1673 Con·

388 1700 448 1778 aul,
462 1699 539 1761 nihil
552 1699 686 1761 offensus
700 1699 797 1762 libera
819 1700 1027 1762 admonitione
1048 1712 1112 1763 tam
1133 1699 1206 1761 clari
1222 1697 1439 1775 adolescentia,

386 1784 455 1848 ‘Et
475 1783 554 1868 ego‚'
579 1786 690 1867 inquit,
712 1788 872 1849 ‘animum
898 1787 989 1849 istum
1016 1786 1120 1863 habui,
1141 1784 1265 1863 Nasica,
1287 1804 1378 1865 quem
1402 1794 1436 1845 tu

386 1873 493 1935 ‘nunc
509 1873 623 1935 habes:
638 1885 681 1951 et,
696 1894 787 1953 quem
803 1894 861 1955 ego
875 1894 956 1935 nunc
971 1874 1081 1950 babeo,
1104 1884 1140 1935 tu
1153 1872 1288 1935 habebis.
1325 1868 1437 1933 Multis

387 1959 398 1992 ‘
414 1960 485 2021 belli
500 1959 620 2021 casibus
635 1959 740 2037 didici,
764 1960 886 2041 quando
908 1960 1116 2041 pugnandum,
1139 1958 1261 2040 quando
1278 1958 1435 2020 abstinen-

387 2046 399 2078 ‘
413 2044 487 2107 dum
501 2066 606 2127 pugna
619 2047 669 2107 sit.
706 2044 799 2107 'Non
812 2068 910 2129 operae
924 2047 965 2107 sit
979 2047 1073 2109 stanti
1088 2066 1168 2108 nunc
1183 2046 1215 2106 in
1232 2044 1437 2129 ucicdoccre,

385 2131 396 2164 ‘
410 2132 517 2214 quibus
533 2131 572 2193 de
587 2132 701 2193 caussis
716 2133 809 2195 hodic
825 2134 942 2213 quiesse
958 2134 1066 2194 melius
1081 2132 1130 2194 sit.
1152 2132 1285 2194 rationes
1297 2132 1370 2192 alias
1385 2151 1434 2193 re·

386 2218 549 2300 ‘poscitor
585 2223 667 2279 nunc
695 2221 880 2281 auctoritate
909 2220 1017 2281 veteris
1046 2219 1236 2302 imperatoris
1271 2228 1437 2279 contentus

386 2302 492 2366 ‘eris'
537 2302 697 2366 Conticuit
721 2306 899 2367 adolescens
909 2328 919 2384 ;
943 2306 1025 2368 baud
1045 2306 1136 2367 dubie
1149 2305 1252 2367 videre
1271 2304 1373 2385 aliqua
1386 2304 1435 2365 in·

382 2390 564 2473 pedimenta
578 2412 688 2474 pugnae
700 2394 870 2471 consulem,
892 2414 958 2475 quas
972 2394 1030 2455 sibi
1044 2412 1105 2455 nou
1121 2392 1313 2476 adpeterent.

428 2474 593 2539 XXXVll.
617 2476 749 2557 Paullus,
778 2491 939 2561 postquam
970 2490 1085 2541 metatu
1112 2491 1214 2540 castra
1242 2478 1436 2559 inpedimen-

385 2575 479 2645 taque
498 2564 662 2628 conlocata
680 2565 906 2644 animadvertit,
927 2586 967 2628 ex
981 2578 1138 2649 postrema
1159 2566 1225 2628 acie
1240 2565 1360 2628 triarios
1373 2562 1440 2647 pri?

384 2671 454 2712 mos
480 2651 643 2714 subducit:
675 2653 787 2714 deinde
813 2653 978 2736 principes,
1004 2653 1155 2715 stantibus
1184 2653 1216 2714 in
1242 2652 1342 2735 prima
1367 2651 1434 2712 acie

387 2737 530 2815 tamus,
552 2739 579 2799 si
594 2739 667 2820 quid
682 2739 779 2800 bostis
794 2750 948 2802 moveret:
973 2757 1128 2822 postremo
1142 2740 1291 2816 hastatos,
1306 2740 1346 2800 ab
1359 2737 1435 2799 dex·

388 2835 437 2884 tro
463 2825 596 2905 primum
625 2846 722 2888 cornu
749 2826 936 2907 singulorum
963 2827 1121 2908 paullatim
1143 2826 1297 2908 signorum
1325 2823 1437 2886 milites

386 2910 579 2972 subtrabens.
623 2910 674 2972 lta
695 2912 824 2994 pedites,
847 2913 997 2994 equitibus
1015 2933 1086 2976 oum
1102 2912 1159 2974 levi
1186 2921 1335 2974 mmatrua
1362 2921 1438 2972 aute

366 3032 370 3042 ι
386 2996 486 3056 aciem
501 2996 582 3058 hosti
597 2998 758 3078 obpositis,
771 2999 837 3060 sine
852 3000 983 3062 tumultu
999 2999 1144 3076 abducti3
1167 3019 1224 3060 nec
1239 3007 1320 3072 ante,
1341 3013 1435 3078 quam

323 3109 327 3116 ·
388 3082 489 3162 prima
502 3081 670 3146 fronsualli
694 3105 732 3146 ac
754 3085 838 3146 mssa
859 3085 1008 3168 perducta
1031 3095 1088 3163 est,
1110 3084 1296 3147 exaratione
1316 3081 1437 3164 equites

385 3169 520 3230 morati
535 3181 618 3232 sunt.
661 3168 731 3232 Rex
745 3191 876 3252 quoque,
888 3175 981 3253 quuni
996 3173 1062 3234 sinc
1077 3171 1299 3234 detrectatione
1315 3179 1437 3252 param

388 3275 527 3337 pugnare
542 3277 580 3318 eo
604 3256 654 3318 die
673 3257 790 3335 suaset,
812 3271 985 3336 cantemus,
1008 3259 1091 3341 qnod
1112 3278 1167 3340 per
1182 3257 1304 3318 hostem
1319 3275 1436 3318 moram

385 3341 478 3403 frume
492 3363 602 3424 pugnae
615 3344 739 3423 scirent,
765 3355 799 3406 ct
813 3345 879 3426 ipse
893 3345 925 3406 in
940 3357 1042 3406 castra
1065 3345 1168 3426 copias
1183 3343 1316 3405 reduxit.
1360 3339 1435 3402 Cas·

386 3427 443 3488 tris
456 3429 648 3509 permunitis,
670 3429 708 3491 C.
723 3429 876 3512 Sulpicius
891 3429 997 3492 Gallus
1020 3433 1158 3494 tribunus
1181 3429 1315 3492 militum
1329 3447 1438 3490 muu-

388 3512 434 3574 dae
447 3514 586 3596 legionis,
610 3516 663 3597 qui
677 3528 787 3599 praemr
802 3517 956 3600 superiore
978 3539 1059 3580 anno
1083 3517 1193 3596 fuerat,
1216 3516 1349 3579 consulis
1368 3535 1438 3598 per·

219 3607 320 3676 usupra
388 3597 483 3661 missu
507 3600 547 3662 ad
571 3603 754 3664 concionem
776 3603 923 3666 militibus
937 3600 1052 3690 vocatis'
1075 3604 1299 3686 pronunciavit,
1323 3603 1438 3664 ‘nocte

217 3675 368 3791 ᾗῇ
388 3686 398 3717 ‘
413 3689 563 3770 proxima,
577 3689 696 3770 nequis
711 3690 744 3751 id
754 3711 812 3772 pro
826 3703 969 3772 portanto
984 3692 1145 3775 acciperat,
1161 3692 1200 3752 ab
1213 3691 1290 3754 lrora
1303 3687 1439 3752 oecuuda

221 3819 292 3870 m
417 3875 683 3954 {ommunicatus}
699 3877 791 3926 Omnes
799 3892 899 3940 ponnus
931 3879 1182 3930 siarmubooruedo:
1198 3883 1441 3944 sequentinm&-

386 3943 898 4008 cupreutmacprornde,qoumpnguaturum
931 3945 1441 4009 tunm-pmnmmnubimebirqnidm.

388 4007 511 4082 equuleus
522 4007 664 4086 credebant,
683 4008 834 4075 approbantes
854 4007 898 4058 boc
965 4009 1029 4088 ⁸Ng
1041 4009 1223 4088 butonpnidem]
1235 4011 1379 4090 'Peniculum
1389 4013 1441 4073 pai·

387 4085 440 4172 ‘³⁰⁷⁸
449 4072 594 4193 mila
610 4155 637 4187 m
652 4139 696 4203 tn]
716 4139 814 4188 unam
831 4156 899 4190 mo-
932 4079 1442 4194 ffiillllbi'lill‘llliff‘elb'ii

388 4201 521 4276 eapdabm
569 4205 649 4252 rritula
662 4207 759 4268 quidm,
773 4220 825 4268 quae
841 4207 897 4256 infra
930 4207 1065 4258 rummesie
1076 4209 1220 4268 rcfingimru:
1241 4206 1274 4257 Ne
1287 4205 1440 4255 mindi·

388 4264 528 4314 alranoloco
562 4268 787 4327 auctmentum
803 4273 898 4334 qutun.
922 4275 1020 4338 ficetum
1028 4271 1441 4338 prioreaimpmrorufuglndoccr·

389 4329 503 4407 Legimus
512 4346 580 4391 ergo:
592 4337 760 4396 aequemus
769 4336 804 4394 to
811 4340 901 4398 wrm
931 4351 1012 4396 mam,
1023 4340 1123 4388 aarum
1129 4342 1243 4388 mitteret.

389 4406 550 4444 eumcum
559 4409 750 4458 mnostrum.
772 4401 900 4466 Duplicata
962 4409 974 4442 ⁹
991 4402 1042 4454 Non
1051 4419 1119 4468 mute
1134 4405 1174 4470 rit]
1195 4403 1251 4456 Vn.
1265 4399 1441 4455 an.7u.ad1.

388 4457 599 4526 bmlmonagatio
608 4462 666 4514 nibil
684 4465 808 4516 molestum
820 4467 899 4536 babet,
934 4471 1034 4522 r.c·2l.
