3184 5225
536 334 892 397 Lmuoaoueeso.
1167 342 1228 411 ως

177 485 287 561 equites
296 486 426 545 uecenfis
434 490 605 547 censurium
615 490 1001 561 admiscerentartirlest‚ut
1011 500 1144 571 equester
1154 494 1232 551 ordo

178 562 223 621 bis
245 572 359 623 tautum
375 566 483 624 uirium
496 568 528 625 iu
542 576 647 627 senatu
660 568 791 627 baberet.
807 578 848 638 et,
866 572 1036 629 continuato
1050 572 1081 628 iu
1098 572 1228 629 alterum

178 660 284 733 uiuum
308 643 474 716 tribunatu,
495 644 607 723 lepibus
628 648 760 723 aurariis
782 647 855 707 latis
878 650 988 725 effecit.
1009 657 1043 705 ut
1067 648 1228 729 complures

178 718 294 777 colom
314 722 347 777 iu
360 722 459 779 ltalia
471 724 697 795 deducerentur,
716 733 746 783 et
768 746 828 783 uua
841 726 873 783 iu
890 727 954 786 solo
965 728 1072 785 diruta
1090 726 1226 785 Kortia·

165 798 276 873 ’piuist
299 818 366 877 quo,
378 802 440 877 ipse
455 802 593 859 triumvir
606 812 734 869 creatus,
746 804 889 863 coloniam
902 805 1033 865 deducit.
1076 804 1229 865 Proeterco

178 894 261 933 resa
289 878 324 945 Q.
348 876 472 937 Metello
491 880 608 938 consule
628 882 770 939 adversus
792 881 933 941 Baliares
951 892 1054 959 pestus
1076 885 1228 942 continet:

178 972 252 1029 quas
269 954 366 1014 Greci
390 955 561 1032 Gymnesios
581 958 746 1037 adpellant,
765 960 838 1037 quia
850 968 982 1021 estatem
995 960 1070 1018 audi
1086 962 1230 1037 eriperet:

177 1030 200 1071 ²³
214 1032 353 1092 Baliares
367 1054 386 1091 a
401 1034 452 1092 teli
465 1036 556 1095 missu
566 1036 725 1116 adpellunt,
737 1046 792 1095 aut
806 1058 826 1093 o
841 1038 945 1107 Boleo‚
959 1038 1099 1097 Herculis
1113 1042 1230 1107 comite,

177 1110 221 1168 ibi
244 1111 347 1169 relicto
375 1120 454 1181 tuuc,
488 1134 576 1191 quum
610 1112 754 1175 Hercules
787 1115 829 1173 acl
867 1116 1030 1191 Geryonem
1059 1117 1229 1193 uoviparet.

179 1188 280 1247 Motus
300 1210 412 1269 quoquc
434 1191 527 1267 Syria
548 1192 731 1326 rheseruutur,
752 1192 909 1271 inquibus
937 1192 1097 1271 Cleopatra
1122 1194 1229 1251 Deme-

180 1268 269 1323 trium
288 1269 384 1325 uirum
405 1288 488 1327 suum
511 1279 541 1327 et
577 1270 706 1328 eleucum
719 1271 834 1347 filium,
857 1270 1017 1349 iudipuota
1037 1273 1125 1349 quod,
1136 1274 1230 1332 occiso

174 1354 264 1421 putre
278 1346 341 1422 ejus
351 1367 370 1404 a
385 1366 425 1417 se,
438 1349 552 1425 injussu
566 1368 617 1407 suo
630 1350 768 1407 diademo
783 1351 941 1421 sumsisset,
952 1351 1109 1408 interemit.

223 1852 254 1909 C.
267 1850 382 1909 Sestius
389 1852 556 1929 proconsul,
565 1854 646 1911 victa
657 1852 857 1911 Salluuiorum
865 1862 963 1929 perite,
974 1853 1115 1912 colonium
1126 1854 1231 1931 Aquas

181 1930 297 1988 Sextias
318 1930 461 2001 coadidit,
482 1930 504 1963 ⁷’
517 1930 550 1989 ob
571 1951 717 2011 aquarum
745 1934 860 2009 copiam
880 1950 897 1987 e
916 1932 1026 1989 calidis
1041 1932 1229 2009 sripiclisque

172 2008 321 2083 sontibus,
343 2016 434 2087 atque
454 2030 473 2066 a
497 2012 610 2067 nomiae
633 2029 685 2067 suo
707 2010 752 2067 itu
773 2008 953 2100 adpellatas.
998 2010 1051 2065 Cu.
1076 2008 1229 2067 Domitius

175 2086 335 2163 proconsul
345 2088 486 2145 adversus
502 2086 677 2165 Allobropas
692 2088 733 2145 ad
752 2089 891 2165 oppedum
916 2086 1086 2143 Vindalium
1090 2086 1231 2161 feliciter

175 2166 334 2241 pupuavit.
380 2166 491 2232 Quibus
505 2166 611 2225 bellum
631 2166 781 2243 inserendi
795 2184 901 2225 caussa
914 2165 995 2239 suit,
1016 2166 1096 2241 quod
1125 2163 1230 2221 Teuto-

178 2243 312 2312 malium,
326 2242 525 2301 Salluviorum
539 2264 571 2301 re
593 2264 646 2313 em,
657 2244 829 2321 supieutcm
841 2243 1028 2320 recepissent,
1041 2247 1071 2297 et
1085 2244 1163 2299 omui
1176 2260 1230 2318 ope

172 2320 341 2395 juvisseutt
363 2324 497 2401 quodque
512 2322 554 2379 ΛΕ
576 2340 679 2379 uorum
692 2342 710 2377 a
733 2338 790 2390 ros,
812 2323 953 2381 sociorum
967 2320 1074 2398 populi
1091 2318 1229 2388 Romami,

179 2406 357 2458 vastassent.
413 2398 446 2457 0.
478 2399 641 2470 Gracchus,
668 2418 682 2458 s
721 2400 806 2457 itioso
837 2398 993 2455 tribunatu
1014 2397 1116 2474 sacto,
1141 2418 1232 2476 quum

179 2478 359 2535 Aventinum
373 2495 486 2556 quoque
498 2485 619 2535 armata
631 2476 822 2535 multitudine
834 2484 1014 2555 occupasset,
1030 2496 1051 2534 a
1069 2475 1103 2532 L.
1123 2474 1231 2553 Opimio

180 2555 307 2626 consule,
326 2575 360 2614 cu
379 2557 630 2616 senatusconsulto
651 2563 753 2615 vocato
772 2556 814 2614 ut
832 2574 917 2614 arma
960 2554 1057 2632 epulo,
1074 2552 1181 2632 pulsus
1201 2562 1231 2612 et

180 2636 292 2694 occisus
306 2643 370 2696 ests
390 2643 497 2694 etcum
511 2655 543 2692 eo
558 2635 682 2692 Fulvius
696 2633 824 2692 Flaccus
842 2574 1015 2700 concubis,
1035 2633 1129 2692 socius
1151 2633 1230 2709 ejus·

179 2714 243 2770 dem
257 2713 392 2788 suroris.
436 2713 471 2781 Q.
495 2712 607 2772 Fabius
630 2711 780 2770 Maximus
802 2711 912 2778 consul,
928 2711 1034 2769 Paulli
1055 2729 1153 2788 tropos,
1173 2713 1229 2768 ud-

178 2810 281 2850 uersus
309 2789 487 2866 Allobroyas
518 2801 547 2849 et
571 2791 729 2860 Bituitum,
753 2791 936 2848 Avernorum
959 2807 1066 2865 rupem,
1090 2788 1230 2863 feliciter

174 2872 337 2948 pupuaoit.
387 2868 436 2926 Ex
459 2869 571 2928 Bituiti
589 2871 719 2928 exercitu
739 2887 813 2928 cesa
829 2867 928 2926 millia
950 2867 1095 2925 bomimm
1115 2875 1231 2925 ceritum

178 2949 297 3024 uipiati.
338 2947 417 3024 lpse,
438 2967 526 3024 quum
549 2947 591 3006 cd
610 2946 855 3023 satisfaciendum
877 2947 995 3004 senatui
1016 2945 1139 3002 Romam
1157 2963 1230 3024 pro·

174 3025 276 3099 ¹fectus
289 3033 377 3092 esset,
391 3023 412 3053 '⁰
420 3025 526 3083 Albam
540 3026 747 3084 custodiendus
759 3025 849 3084 dutus
862 3032 917 3092 est,
927 3025 1000 3102 quia
1012 3031 1117 3082 contro
1127 3041 1232 3098 pacem

182 3103 347 3174 uidebatur,
369 3113 404 3162 ut
426 3106 457 3162 iu
477 3103 606 3162 Gallium
623 3105 832 3162 remitteretur.
873 3103 1033 3160 Decretum
1047 3118 1161 3177 quoque
1175 3108 1231 3166 est,

180 3190 216 3239 ut
249 3183 471 3260 Conpeutiotus,
492 3183 582 3260 filius
615 3181 688 3258 ejus,
725 3180 945 3258 comprobemus
977 3179 1100 3236 Romam
1132 3177 1233 3232 mitte·

180 3268 273 3318 retur.
314 3259 489 3336 Allobropes
512 3262 543 3318 iu
563 3261 740 3318 deditionem
760 3258 885 3334 accepti.
927 3257 961 3312 L.
979 3255 1122 3333 Opimius,
1144 3273 1230 3310 occu-

183 3347 265 3397 satus
277 3342 361 3416 apud
370 3339 511 3416 populum
531 3359 550 3396 u
565 3339 600 3407 Q.
614 3338 707 3396 Decio
718 3335 835 3393 tribuuo
844 3334 953 3412 plebis,
962 3335 1041 3412 quod
1051 3332 1232 3389 indemnatos
1310 3327 1314 3336 “

185 3416 261 3476 ciues
274 3419 304 3476 iu
319 3436 466 3476 carcerem
481 3417 661 3494 conjecisset,
675 3413 827 3472 absolutus
841 3419 895 3470 est.

537 3584 840 3608 ,,,..........-.-.-

644 3691 765 3770 LXII.

226 3851 262 3920 Q.
281 3850 419 3910 Marcius
433 3847 533 3910 cousul
553 3846 570 3885 ⁸¹
583 3845 705 3916 Stoeuos,
728 3851 843 3922 pentem
867 3842 1020 3920 Alpinam,
1042 3838 1233 3918 espupuooit.

218 4049 240 4084 ⁷⁸
255 4047 388 4102 &bama
408 4051 446 4100 teli
467 4051 544 4115 mimi]
572 4047 690 4112 Nempcu
723 4044 862 4095 Hemium.
894 4039 1010 4105 Atqueit
1032 4037 1157 4101 elegsotius
1167 4037 1234 4088 uobis

181 4115 253 4164 uerbo
265 4117 350 4166 Graeeo
360 4115 474 4172 βάλλειν.
722 4112 795 4160 rhum
806 4104 1236 4172 eu‚quimquotv1bguipraeterum.

214 4181 236 4219 ⁷⁹
253 4181 285 4228 Ob
295 4197 406 4244 quorsum
417 4178 509 4246 apium]
528 4180 603 4242 Magis
614 4177 690 4242 plaee-
723 4177 791 4225 Atre.

182 4257 278 4296 sescum
291 4247 412 4294 Gronorio
427 4245 518 4304 legere:
541 4249 569 4292 ab
585 4261 694 4308 casurum
756 4242 777 4276 ¹¹
795 4235 880 4303 Stouor]
904 4236 941 4286 stc
958 4235 1064 4303 scribunt
1082 4233 1127 4283 boc
1149 4245 1236 4281 nomen

183 4311 693 4436 u··t.⁹.5.uuuuuutu
726 4302 945 4425 33333333
954 4296 1237 4428 3133333333

181 4441 228 4492 duo
238 4457 251 4492 e
263 4441 340 4494 MSS.
351 4439 466 4494 Gmaovii
482 4450 506 4490 et
521 4438 625 4490 Pithoeus
635 4439 705 4504 apud,
725 4433 807 4485 stauos
817 4449 846 4485 ex
857 4431 1008 4485 marmoribus
1018 4429 1161 4500 l'upitoliois.
