3184 5225
393 341 432 394 64
788 329 872 388 um
898 327 999 386 LIVll

224 495 297 548 usc-
307 493 372 552 tal.¹
391 489 403 522 ‘
417 487 512 551 semel
527 486 565 558 Q.
578 485 682 548 llrlvio
697 482 819 560 Flacco,
830 483 941 544 iterum
955 453 1006 544 Ti.
1018 476 1200 562 Sempronio
1209 475 1350 542 Graccho
1360 500 1445 562 pras-

225 562 258 613 3·
269 561 300 615 ⁶·
312 566 368 617 ¹⁷¹·
389 574 491 637 ‘tore
527 574 557 635 A
571 570 681 633 Flacco
694 569 775 632 inter
786 579 915 645 ceteros,
930 587 1005 648 quos
1020 565 1138 628 virtutis
1153 585 1261 628 cerasa
1275 586 1377 628 secum
1393 589 1438 629 ert

389 660 570 744 ‘provincia
593 657 633 718 ad
656 654 843 737 triumphurn
870 652 1052 730 deducebat,
1067 651 1224 714 ‘deductus
1249 671 1325 714 sum.
1346 673 1365 713 a
1386 651 1443 716 Ti.

389 750 402 781 ‘
416 745 556 808 Graccho
565 752 698 823 rogatus,
706 741 738 802 in
750 739 937 821 provinciam
946 739 978 800 ii.
999 736 1116 808 Quater
1127 737 1208 799 intra
1216 758 1330 820 paucos
1342 759 1442 800 annos

389 834 401 867 ‘
415 831 545 914 primurn
558 829 654 910 pilum
665 826 755 888 duxi:
779 839 887 908 quater
899 836 932 888 et
941 824 1041 886 tricies
1055 824 1174 886 virtutis
1185 843 1291 886 caussa
1301 824 1445 887 donatus

390 918 401 951 ‘
416 916 455 977 ab
469 914 701 996 imperatoribus
724 933 815 974 sum:
848 932 902 972 sex
917 911 1025 973 civicas
1049 930 1177 972 coronas
1193 911 1307 992 accepi.
1327 910 1439 991 viginti

388 1001 476 1062 ‘duo
490 999 645 1082 stipendia
668 1019 769 1060 annua
782 999 814 1058 iu
840 997 975 1058 exercitu
1001 997 1129 1058 emerita
1144 996 1253 1072 habeo,
1280 1006 1312 1058 et
1337 995 1439 1077 major

389 1088 402 1122 ‘
416 1087 503 1148 annis
518 1106 586 1146 sum
601 1084 832 1164 quinquaginta.
858 1081 950 1152 Quod
965 1081 989 1141 si
1005 1081 1079 1141 mihi
1095 1102 1152 1142 nec
1168 1082 1318 1162 stipendia
1330 1081 1436 1144 omnia

387 1174 400 1208 ‘
415 1172 543 1234 emerita
556 1179 669 1246 essent,
676 1169 809 1240 necdum
824 1179 896 1228 atas
904 1167 1093 1228 vacationem
1105 1165 1202 1241 daret,
1214 1175 1325 1245 tarnem
1338 1187 1434 1248 quum

388 1259 543 1338 ‘quatuor
557 1254 670 1316 milites
692 1274 749 1335 pro
763 1273 812 1314 me
829 1273 890 1314 uno
916 1252 1000 1312 uobis
1015 1251 1098 1329 dare,
1122 1249 1156 1312 P.
1172 1249 1281 1328 Licini,
1300 1272 1436 1332 possem,

388 1344 400 1376 ‘
415 1360 532 1422 requam
547 1350 613 1400 erat
626 1360 677 1401 me
692 1338 816 1400 dimitti.
851 1335 913 1398 Sed
929 1338 992 1399 haec
1009 1357 1064 1419 pro
1078 1357 1186 1399 caussa
1199 1356 1268 1398 mea
1281 1337 1365 1398 dicta
1379 1358 1435 1400 ae-

388 1424 648 1509 ‘eipiatisselimr
666 1426 731 1506 ipse
738 1445 798 1501 me,
807 1423 911 1504 quoad
920 1424 1088 1506 quisquam,
1098 1423 1149 1504 qui
1159 1423 1308 1484 exercitus
1317 1423 1436 1501 scribit,

388 1513 557 1574 ‘idoneum
566 1510 694 1572 militem
698 1509 860 1591 judicabit,
870 1529 1034 1591 numquam
1044 1530 1110 1570 sum
1120 1521 1326 1572 excusaturus.
1342 1507 1434 1570 ¹⁹01-

387 1599 399 1633 ‘
415 1598 516 1660 dinem
528 1617 590 1677 quo
604 1617 654 1658 me
665 1597 789 1678 dignum
802 1594 942 1676 judicent
953 1596 1064 1657 tribuni
1079 1593 1223 1672 militum,
1239 1595 1373 1677 ipsorum
1385 1605 1434 1656 est

388 1683 592 1765 ‘potestatisr
626 1703 666 1744 ne
692 1684 758 1765 quis
784 1703 833 1744 me
849 1681 958 1742 virtute
982 1682 1014 1742 in
1041 1681 1175 1744 exercitu
1197 1691 1329 1762 praestet,
1352 1680 1433 1743 dabo

389 1770 563 1850 ‘operam;
585 1771 613 1808 ²⁰
620 1778 654 1830 ut
663 1779 686 1807 ”¹
711 1788 830 1850 semper
844 1768 889 1830 ita
903 1767 1011 1829 fecisse
1033 1788 1083 1828 me
1098 1778 1130 1828 et
1145 1766 1344 1849 imperatores
1360 1767 1434 1845 mei,

388 1855 511 1935 ‘etqui
538 1875 600 1916 una
624 1854 776 1936 stipendia
802 1853 948 1930 feceruut,
976 1864 1069 1916 testes
1095 1863 1175 1914 sunt.
1218 1849 1283 1914 Vos
1308 1872 1431 1934 quoque

387 1942 531 2022 ‘aequum
547 1951 606 2018 est,
621 1940 855 2016 commilitones,
877 1940 934 2001 etsi
950 1939 1160 2022 adpellationis
1175 1939 1261 2000 vobis
1281 1937 1433 2019 usurpatis
1497 2003 1506 2012 ,

388 2027 400 2060 ‘
409 2025 472 2107 jus,
483 2046 575 2106 quum
587 2025 795 2088 adolescentes
807 2026 882 2086 nihil
895 2024 1034 2086 adversus
1047 2025 1278 2106 magistratuum
1290 2035 1431 2086 senatus-

387 2111 398 2144 ‘
413 2131 473 2192 que
488 2113 700 2174 auctoritatem
715 2131 842 2193 usquam
857 2111 1000 2189 feceritis,
1013 2131 1093 2177 nunc
1102 2129 1222 2192 quoque
1234 2111 1265 2170 in
1277 2121 1434 2191 potestate

386 2196 535 2259 ‘senatus
549 2218 586 2258 ac
612 2197 770 2259 consulum
784 2217 862 2274 esse,
886 2208 918 2259 et
939 2197 1043 2258 omnia
1062 2197 1192 2258 honesta
1217 2196 1284 2258 loca
1305 2195 1431 2274 ducere,

386 2282 520 2364 ‘quibus
535 2282 753 2365 rempublicam
769 2283 919 2345 defensuri
935 2281 1021 2344 sitis!

219 2393 305 2442 pm
319 2407 374 2444 m.
409 2365 560 2429 XXXV.
582 2367 663 2430 Hac
681 2369 733 2430 ubi
748 2369 838 2447 dixit,
863 2367 1205 2452 conlaudatumvmultis
1231 2367 1329 2429 verbis
1352 2388 1428 2430 ocn-

217 2457 319 2508 turim
386 2453 433 2515 sul
447 2474 487 2514 ex
501 2453 649 2514 concione
670 2453 701 2514 in
717 2466 857 2515 senatum
873 2455 970 2516 duxit.
1015 2453 1061 2517 Ibi
1077 2474 1198 2534 quoque
1216 2455 1244 2516 ei
1260 2475 1300 2516 ex
1321 2466 1430 2518 aucto·-

218 2521 272 2572 Cos.

385 2538 477 2601 ritate
502 2550 624 2600 senatus
649 2539 754 2620 gratiae
780 2551 866 2619 aeta,
891 2540 1059 2624 tribunique
1085 2541 1232 2602 militares
1254 2541 1285 2600 in
1309 2539 1430 2621 legione

383 2624 483 2707 prima
507 2625 639 2705 primum
665 2625 759 2706 pilum
782 2626 902 2687 virtutis
926 2646 1032 2689 caussa
1050 2626 1078 2687 ei
1103 2627 1309 2707 adsignarunt.
1333 2626 1429 2687 ceteri

384 2711 586 2787 centuriones,
612 2710 726 2772 omissa
753 2710 968 2793 adpellatione,
999 2714 1038 2773 ad
1068 2712 1218 2774 delectum
1247 2709 1428 2773 obedienter

383 2796 614 2879 responderunt.
657 2794 728 2866 Quo
743 2798 888 2858 maturius
904 2798 935 2858 in
955 2798 1124 2879 provincias
1138 2797 1331 2878 magistratus
1355 2818 1428 2880 pro·

383 2880 599 2959 ficiscerentur,
622 2880 738 2943 latina
754 2880 903 2945 Kalendis
928 2882 1028 2945 Juniis
1043 2884 1141 2947 luere:
1173 2903 1268 2964 eoque
1283 2882 1425 2944 sollemni

382 2966 529 3049 perfecto,
559 2965 595 3029 C.
625 2965 782 3030 Lucretius
813 2980 934 3051 praetor,
956 2970 1108 3048 omnibus,
1130 2989 1193 3051 quae
1226 2969 1265 3030 ad
1294 2968 1425 3031 classem

383 3072 460 3134 opus
485 3064 583 3131 erant,
611 3055 782 3133 premissis,
811 3052 1005 3116 Brundisium
1028 3066 1075 3117 est
1096 3054 1257 3138 proiectus.
1314 3052 1426 3119 Praeter

382 3157 436 3199 eos
464 3140 627 3216 exercitus,
664 3159 740 3219 quos
774 3141 912 3202 consules
950 3143 1180 3224 comparabant,
1219 3139 1255 3203 C.
1286 3137 1427 3223 Sulpicio

381 3220 486 3285 Galba
509 3225 628 3305 praetori
651 3225 809 3306 negotium
825 3226 951 3303 datum,
976 3240 1011 3289 ut
1034 3239 1163 3309 quatuor
1192 3226 1328 3308 legiones
1350 3226 1425 3288 scri·

382 3309 466 3372 beret
479 3310 609 3371 urbanas
630 3308 716 3392 justo
731 3332 857 3374 numero
881 3313 1017 3395 pediturn
1037 3312 1253 3395 equiturnque3
1288 3316 1313 3351 ²¹
1328 3313 1425 3392 iisque

382 3407 511 3475 quatuor
526 3396 663 3457 tribunos
688 3397 820 3460 militurn
835 3419 873 3459 ex
896 3410 1003 3460 senatu
1019 3398 1144 3481 legeret,
1167 3400 1218 3481 qui
1241 3409 1424 3481 preessent:

382 3480 472 3540 sociis
487 3478 588 3541 latini
613 3483 745 3543 nominis
769 3484 933 3565 imperaret
959 3486 1134 3566 quindecim
1156 3483 1252 3545 millia
1272 3482 1423 3566 peditum,

382 3564 465 3627 mille
489 3576 521 3627 et
545 3566 691 3629 ducentos
712 3570 840 3650 equites.
885 3568 914 3631 Is
940 3572 1090 3633 exercitus
1115 3570 1160 3633 uti
1183 3580 1306 3653 paratus
1329 3579 1423 3646 esset,

383 3670 443 3731 quo
465 3663 587 3714 senatus
613 3654 788 3717 censuisset.
845 3654 878 3717 P.
903 3655 1023 3719 Licinio
1049 3656 1165 3719 consuli
1190 3657 1229 3719 ad
1254 3655 1423 3718 exercitum

404 3829 407 3833 A
845 3771 974 3838 ”ttRups
1328 3816 1331 3821 .

378 3869 409 3919 ds
422 3870 665 3931 naturalitus.
697 3874 788 3925 Deinde
807 3876 884 3938 Ligus.
915 3881 1141 3943 nonagenoque
1154 3875 1280 3941 mmm]
1303 3876 1359 3926 Hae
1369 3886 1427 3925 not-
1537 3872 1538 3881 ‘

276 3985 283 3997 ,
377 3934 441 3982 dnus
455 3938 503 3998 ipre
514 3938 573 3985 iutra
589 3938 678 3988 dicitre
695 3942 740 3988 duo
757 3953 848 3989 tantum
864 3953 886 3993 et
916 3944 1010 3991 andum.
1044 3943 1106 3991 Nam
1125 3958 1155 3991 err
1173 3957 1237 3991 more
1254 3942 1321 3990 solito
1340 3941 1427 3991 tribuni

378 3998 459 4060 uiginti
476 4004 668 4061 stiperrdiaunauu
685 4008 774 4053 emerito
788 4008 885 4069 habere,
916 4009 1009 4057 alternis
1021 4008 1224 4071 immutabantur
1235 4006 1378 4055 observatum
1389 4016 1425 4055 est

379 4062 625 4127 nouduoertriginta.
645 4070 886 4121 Norninuhabemus
917 4073 1112 4122 autxn'all.
1138 4070 1425 4133 &utinquiemmru

379 4124 872 4199 plme,quoddelroclocodieereporsimm.
917 4137 1033 4199 leguntur,
1047 4140 1115 4185 datur
1124 4137 1232 4183 nimirum
1243 4134 1273 4182 ob
1290 4135 1425 4196 ampliorum

382 4254 389 4266 ·
413 4189 435 4225 ¹⁹
450 4191 604 4257 Ordinmuo
613 4200 880 4262 medignumy'udieent..
917 4204 1031 4263 dignitatis
1037 4202 1130 4263 gradum
1137 4199 1310 4249 ernamdinsria
1316 4209 1426 4262 portatu.

378 4267 474 4313 sperem
491 4265 521 4302 ert
537 4263 654 4325 mmmm]
670 4264 764 4327 Supple,
783 4266 887 4326 definire,
917 4258 1428 4323 Nuitonemeudurnertiuumnero,lsgea-

378 4325 489 4367 sucurre.
522 4320 589 4380 Legit
599 4322 726 4375 Gronovius
735 4330 812 4379 ordine
820 4346 870 4391 quc.
917 4329 1341 4395 dumquequatuorctoigintitribuncs.
1358 4328 1427 4378 ‘Sex

377 4380 695 4510 1²¹:gleUtspplrrpqqt'tuseciue
704 4392 748 4454 trs]
762 4393 885 4444 lieduudrt
917 4400 980 4447 enlm
1006 4396 1091 4445 tribuni
1111 4394 1247 4444 creabantur
1274 4393 1299 4443 in
1326 4392 1427 4459 singtilis

455 4463 500 4495 νοῦ
523 4465 552 4497 ¹⁸
578 4484 585 4497 ·
954 4464 1025 4513 louet.
1530 4478 1531 4481 ’

410 4511 431 4553 ⁸¹
447 4510 732 4579 liqoqrmurtrr‘tms
747 4524 844 4573 rrilitttrn
858 4540 884 4575 rc
917 4462 954 4525 kg
