3184 5225
347 357 393 408 n.
722 309 725 315 ’
768 348 853 407 rrrr
873 346 975 407 urvrr
1028 377 1031 382 -

180 519 257 572 mc.
267 523 324 572 ata.
347 505 412 566 mol
427 525 467 566 ex
480 503 576 566 literis
590 502 737 580 eonsufis,
748 523 825 586 quas
841 503 879 564 de
901 503 988 565 rebus
1004 503 1037 566 in
1052 499 1142 564 lstria
1156 502 1252 584 gestis
1265 502 1396 584 seripse-

178 586 319 662 A5c5177.
348 604 410 668 rat,
431 591 464 651 iu
484 589 610 652 biduum
635 589 822 670 supplicatio
843 589 975 651 decreta.
1028 587 1071 650 Et
1092 591 1131 650 ab
1156 589 1251 651 altero
1273 587 1402 651 consule

180 647 334 780 ἕζῖἓζ
346 675 397 740 Ti.
412 675 597 759 Sempronio
617 676 649 736 in
669 671 815 737 Sardinia
832 695 974 759 prospere
994 695 1042 736 res
1061 687 1167 757 gesta.
1218 673 1397 737 Furercitune

346 764 382 825 iu
404 783 512 844 agrum
534 760 701 824 Sardorum
716 760 872 824 Iliensium
897 762 1029 824 induxit.
1081 757 1263 824 Balarorum
1285 781 1404 842 magna.

347 850 462 912 auxilia
473 847 634 910 Iliensibus
648 861 804 930 venerant.
856 847 935 910 Cum
951 859 1077 929 utraque
1097 861 1197 928 gente.
1209 847 1303 928 signis
1320 868 1395 908 cou-

346 936 418 1017 latis
433 934 582 996 conflixit.
596 934 654 995 lusi
668 934 954 1015 fugatique-hostes,
970 933 1136 1014 castrisque
1151 933 1251 994 exuti:
1277 933 1404 994 duoda-,

345 1021 409 1083 cim
426 1021 525 1082 millia
539 1033 726 1081 armatorum
742 1041 829 1083 caesa.
883 1017 1006 1081 Postero
1023 1018 1072 1080 die
1088 1037 1174 1080 arma
1188 1020 1269 1081 lecta
1283 1017 1399 1099 conjici

345 1107 380 1168 in
400 1127 542 1168 acervum
567 1104 661 1186 -jussit
677 1095 802 1182 consul,
824 1125 1002 1189 sacrumque
1025 1105 1057 1166 id
1079 1101 1219 1167 Vulcano
1240 1106 1402 1168 cremavit.

344 1191 505 1254 Victorem
530 1191 697 1252 exereitum
727 1192 759 1252 in
785 1193 914 1254 hiberna
938 1193 1089 1254 sociarum
1114 1193 1234 1254 urbium
1260 1191 1393 1254 reduxit.

310 1352 316 1362 ὁ
345 1278 398 1342 Et.
411 1275 451 1339 C.
465 1276 623 1355 Claudius,
637 1277 735 1339 literis
748 1275 798 1340 Tr.
815 1276 935 1339 Claudii
953 1289 987 1340 et
1007 1278 1268 1341 senatusconsulto
1284 1298 1396 1360 accepe-

345 1375 391 1442 to,
412 1385 453 1426 ex
475 1362 567 1426 latria
589 1363 726 1446 legiones
746 1364 777 1425 iu
801 1362 927 1446 Ligures
946 1364 1129 1426 transduxit.
1182 1364 1233 1426 Ad
1252 1361 1393 1426 Sculten.

344 1472 419 1512 nam
442 1451 555 1513 flumen
579 1451 613 1514 iu
632 1471 765 1533 campos
792 1449 952 1533 progressi·
973 1464 1077 1513 castra
1098 1451 1253 1514 habebant
1279 1451 1396 1532 hostes.

180 1540 335 1607 ιῑζωενίο·
346 1536 394 1599 [bi
415 1557 488 1598 cum
503 1537 551 1598 his
573 1536 639 1598 acie
655 1537 849 1600 dimicatum.
862 1536 1036 1618 quindecim
1051 1537 1147 1599 millia
1162 1559 1238 1600 casa
1247 1560 1257 1615 3
1286 1541 1310 1576 ⁵¹
1325 1538 1401 1619 plus*

180 1609 328 1725 22⁰⁰&
344 1623 533 1707 septingenti
555 1635 610 1684 aut
620 1622 641 1704 a
654 1623 688 1684 in
710 1624 831 1705 proelio,
853 1635 907 1685 aut
928 1624 960 1685 in
981 1624 1089 1686 castris
1113 1623 1197 1702 (narn
1218 1645 1258 1686 ea
1274 1643 1394 1705 quoque

343 1721 523 1794 expugnata
537 1709 623 1788 sunt)
641 1711 743 1793 capti:
771 1722 804 1772 et
824 1711 913 1792 signa
927 1710 1072 1772 militaria
1085 1729 1181 1772 unum
1197 1724 1228 1773 et
1243 1710 1393 1792 quiuqua-

343 1798 433 1879 ginta
451 1807 555 1880 capta.
607 1795 743 1878 ligures,
758 1797 890 1878 reliquiae
906 1797 1007 1876 cadis,
1026 1798 1059 1858 iu
1081 1807 1200 1859 montes
1219 1797 1397 1878 refugerunt

343 1885 475 1967 passim:
505 1883 726 1965 populantique
750 1896 935 1966 campestres
966 1905 1054 1966 agros
1084 1884 1202 1946 consuli
1231 1883 1315 1946 nulla
1344 1903 1396 1944 us·

344 1991 439 2050 quarn
460 1969 668 2052 adparuerunt
688 1991 783 2032 arma.
839 1968 994 2049 Claudius,
1019 1972 1146 2033 duarum
1169 1971 1308 2052 gentium
1330 1991 1392 2030 uno

344 2078 428 2118 anno
448 2057 558 2134 vicmr,
581 2056 707 2134 duabus,
730 2057 814 2138 quod
835 2079 903 2120 raro
927 2058 1013 2136 alins,
1036 2058 1068 2118 in
1091 2057 1252 2120 consulatu
1274 2057 1393 2139 pacatis
1419 2136 1424 2147 Α

198 2213 205 2222 ,
279 2201 282 2206 .
343 2143 509 2226 proviuciis
524 2143 656 2205 Romam
671 2145 803 2206 revertit.

181 2231 295 2297 Mei*
387 2227 479 2292 Xlll.
502 2227 647 2311 Prodigia
667 2251 705 2292 eo
723 2251 806 2292 anuo
827 2231 981 2294 nunciata.
1005 2231 1038 2290 in
1053 2229 1249 2292 Crustumino
1268 2232 1392 2290 ”avem

343 2317 522 2400 sasgualem
540 2316 644 2398 (quarn
662 2316 788 2396 vocant)
808 2321 965 2379 ⁵³sacrum
988 2316 1119 2400 lapidem
1143 2329 1240 2378 rostro
1264 2314 1391 2376 cecidis-

342 2425 389 2465 se.
432 2407 461 2443 ⁸⁴
471 2401 588 2464 Boverrr
602 2404 635 2464 iu
651 2401 823 2485 Campania
841 2404 1011 2466 locuturis.
1053 2401 1188 2466 Vaccarn
1204 2422 1318 2464 aeneam
1334 2397 1394 2483 Sy-

343 2488 459 2550 racusis
481 2488 522 2547 ab
545 2489 657 2568 agresti
679 2500 778 2565 tauro,
801 2489 852 2568 qui
877 2509 987 2569 pecore
1009 2491 1188 2566 aberrasset,
1212 2489 1332 2566 initam,
1356 2507 1393 2548 ac

343 2573 462 2637 semiue
482 2572 670 2656 adspersam.
714 2573 752 2635 lu
774 2574 964 2635 crustumino
980 2573 1061 2635 diem
1076 2595 1169 2635 uuum
1192 2574 1225 2633 in
1243 2574 1309 2655 ipso
1324 2572 1394 2635 loco

343 2660 528 2743 supplicatio
541 2658 619 2721 fuit:
649 2672 682 2722 et
704 2660 736 2721 iu
755 2658 928 2742 Campania
948 2662 1002 2721 bos
1025 2659 1136 2721 alenda
1155 2658 1274 2740 publice
1298 2659 1393 2721 data:

344 2736 632 2831 Syracusanumque
658 2738 834 2827 prodigium
863 2748 1032 2829 expiatum,
1062 2746 1151 2807 editis
1177 2746 1216 2806 ab
1247 2746 1394 2827 aruspici-

344 2824 403 2894 lius
419 2832 500 2911 Dis,
522 2832 630 2913 quibus
650 2833 881 2914 supplicaretur.
926 2832 1069 2893 Pontifex
1088 2854 1125 2893 eo
1147 2852 1228 2893 armo
1255 2844 1392 2893 mortuus

344 2931 394 2981 est
420 2918 469 2981 M.
493 2918 641 2980 Claudius
667 2916 845 2995 Marcellus,
871 2919 922 3000 qui
953 2920 1057 2979 consul
1087 2939 1253 3000 censorque
1284 2918 1394 2979 fuerat.

343 2996 378 3075 in
402 3004 469 3086 ejus
493 3006 596 3067 locum
621 3004 776 3067 subfectus
800 3017 848 3067 est
873 3004 1014 3087 pontifex
1040 3004 1119 3067 lilius
1142 3003 1206 3086 ejus
1233 3002 1281 3067 Μ.
1303 3003 1390 3065 Mar·

179 3096 319 3178 mareolo
344 3092 450 3168 cellus.
468 3105 502 3154 et
523 3088 683 3153 “Lunam
702 3090 848 3153 colonia‘1
867 3093 976 3153 eodem
997 3112 1078 3153 anno
1094 3092 1154 3153 duo
1171 3091 1267 3153 millia
1281 3092 1392 3152 civium

212 3181 261 3214 ¹²¹²·
343 3177 555 3241 Romanorum
568 3192 642 3241 sunt
655 3178 796 3241 deducta.
836 3176 999 3240 Triumviri
1013 3178 1215 3255 deduxerunt,
1230 3176 1263 3239 P.
1278 3175 1404 3255 AElius„

343 3264 380 3328 Ιι.
408 3263 538 3352 nglius,
567 3262 625 3327 Cu.
654 3262 799 3327 Sicinius.
830 3265 1044 3347 quinquagena
1074 3278 1106 3327 et
1138 3264 1258 3345 singula
1283 3261 1402 3346 jugeru.

344 3365 378 3416 et
402 3353 542 3414 semisses
567 3352 633 3433 agri
659 3353 692 3413 in
718 3352 854 3435 singulos
878 3352 942 3415 dati
970 3364 1051 3413 sunt.
1080 3351 1118 3412 ds
1144 3349 1255 3431 ligure
1285 3362 1394 3432 captus

179 3450 322 3503 &odfini-
344 3434 372 3499 is
386 3460 459 3521 ager
473 3450 549 3499 crat.
600 3438 796 3500 Etruscorum
813 3450 896 3516 aute,
912 3459 1003 3520 quarn
1019 3436 1299 3531 Ligurungfuerat.
1355 3434 1393 3497 C.

177 3518 286 3612 ”Q
344 3523 491 3599 Claudius
505 3525 612 3586 consul
627 3525 668 3586 ad
682 3526 787 3587 urbem
804 3526 904 3587 veuit:
933 3526 993 3602 cui,
1008 3544 1100 3605 quum
1116 3524 1149 3585 iu
1166 3533 1274 3585 senatu
1289 3522 1328 3584 de
1342 3542 1393 3585 re-

375 3678 439 3729 ”aar
448 3678 495 3728 del.
507 3679 582 3729 Gron.
594 3680 664 3729 Crer.
719 3638 836 3729 ‘lineatam
847 3682 915 3730 Crev.
971 3679 1078 3729 dereauu
1089 3682 1192 3729 romaum
1204 3679 1277 3739 Gron.
1290 3680 1359 3729 Crer.

360 3816 469 3866 ⁴⁵¹Pua
486 3815 628 3882 κρύψει]
653 3814 696 3865 δίο
718 3814 766 3876 regi
783 3815 855 3879 J'meit
886 3818 924 3865 dei
942 3818 1056 3873 Termini,
1071 3818 1117 3865 tivo
1135 3817 1265 3880 hujusmodi
1285 3816 1396 3880 lepidum,

343 3879 476 3961 Gruqoriue
494 3901 524 3932 ex
540 3883 604 3931 Livii
620 3896 695 3939 ruore,
708 3896 757 3929 uon
772 3883 853 3942 reptio·
887 3882 1005 3997 Vidirpllss'
1016 3885 1040 3932 in
1048 3882 1140 3997 1Νιιςιίιιιι.
1182 3951 1187 3961 ι
1212 3948 1220 3996 l
1260 3950 1315 4012 mm]
1336 3946 1395 3993 vul·

340 3958 479 4059 ngudom
493 4012 635 4075 meg-rolm]
664 4010 775 4060 Soribitur
796 4028 854 4074 ‹pro-
886 3964 1395 4075 goloentneu'rl'‘Sedldncindlzrddcdiinsmaluit

344 4090 392 4137 que
406 4077 524 4151 numella
565 4078 604 4124 De
615 4092 644 4123 ee
655 4077 741 4152 Plinius
753 4080 853 4125 mentio·
886 4082 988 4133 uenum,
1002 4090 1122 4155 propterea
1138 4080 1200 4141 quod
1219 4094 1272 4126 mox
1291 4078 1396 4141 requitur

344 4141 551 4254 ”Nednmifdd'ierlluin
562 4143 627 4253 {oda
637 4141 854 4256 ”3:23⁸me-
886 4142 1290 4268 Bolflffiilrilwl'lciecdlliudonoviana
1313 4205 1393 4253 editio·

377 4270 504 4318 ⁵³Sererurn
516 4271 621 4335 lapide
656 4272 766 4334 Aliquem
782 4290 812 4321 ex
827 4274 857 4321 iia
885 4288 928 4323 res
942 4269 1140 4321 liabenthuom:
1157 4276 1273 4325 mendose.
1306 4271 1392 4319 Vetur-

345 4334 469 4398 lepidibur,
484 4351 541 4398 quoe
560 4333 709 4383 terminandis
725 4340 783 4397 agris
799 4339 855 4386 fixos
886 4338 957 4386 tiores
976 4337 1101 4401 presserunt
1119 4338 1213 4404 Lucem,
1235 4351 1259 4387 et
1280 4336 1393 4387 consentit

345 4402 521 4458 maerebunt.
539 4400 649 4450 ornrbsru
672 4404 772 4465 dorium,
794 4404 855 4452 olivo
887 4402 995 4463 Velleius
1007 4402 1023 4451 l.
1036 4416 1052 4453 ι.
1063 4418 1084 4451 c.
1095 4404 1133 4454 15.

345 4466 472 4531 mgebent,
480 4478 528 4519 etc.
567 4466 608 4517 De
624 4466 734 4529 rdigiooe
749 4480 775 4518 et
789 4468 854 4519 cultu
