3184 5225
490 328 567 424 ula.
581 362 694 424 xum.
715 364 796 440 pne.
810 364 878 424 xv.
1156 376 1214 431 roe

165 516 285 583 donicis
300 515 480 598 legionibus,
495 518 618 582 incertis
636 522 858 583 commeatibus
871 541 926 604 per
939 522 1136 585 ambitionem
1152 521 1211 585 im·
1224 537 1257 587 υ.
1268 536 1298 588 c.
1310 540 1368 591 583.

163 616 340 687 paratorum
355 604 395 664 ab
405 605 539 668 exercitu
553 607 669 685 abesse,
681 608 841 669 edixerunt
851 608 890 669 de
904 608 1062 686 militibus,
1071 609 1104 671 P.
1113 606 1256 688 AElio,'b·
1266 606 1294 655 ⁰·
1309 607 1363 657 169.
1461 624 1468 635 ’

165 690 205 753 C.
220 688 348 775 Popillio
369 690 553 769 consulibus,
575 704 681 775 postve
704 712 756 755 eos
779 694 920 756 eonsules
943 694 976 755 in
994 693 1210 757 Macedoniam

164 776 296 858 scriptis,
318 773 397 855 ‘Ut,
412 777 464 857 qui
484 798 588 839 comm
611 779 643 839 in
658 778 747 841 Italia
770 791 882 857 essent,
898 781 979 841 intra
993 780 1058 842 dies
1073 781 1211 862 triginta,

163 870 175 893 ·
190 863 274 925 censi
290 862 373 944 prius
397 864 477 945 apud
496 884 572 941 sese,
588 864 620 924 in
634 865 823 947 provinciam
844 865 986 927 redirent.
1000 867 1052 947 qni
1069 867 1103 926 in
1117 868 1211 948 patris

90 956 96 965 '
165 947 248 1010 ‘aut
274 948 322 1008 avi
346 958 497 1029 potestate
520 962 632 1026 essent,
647 970 751 1012 eorum
776 952 903 1012 nomina
925 953 965 1013 ad
985 970 1019 1012 se
1042 952 1212 1015 ederentur.

163 1033 177 1066 ‘
194 1032 358 1095 Missorum
374 1054 494 1115 quoque
509 1055 629 1097 caussas
644 1056 709 1097 sese
724 1036 901 1117 cognituros
916 1058 1001 1099 esse:
1025 1047 1068 1115 et,
1084 1058 1211 1119 quorum

162 1119 175 1152 ‘
190 1132 262 1181 ante
283 1119 412 1185 emerita
433 1121 573 1203 stipenda
592 1124 619 1166 ⁷⁰
628 1122 764 1203 gratiosa
778 1123 884 1183 missio
904 1123 960 1185 sibi
975 1123 1040 1183 visa
1052 1136 1144 1200 esset,
1158 1140 1211 1186 eos

160 1204 302 1267 ‘milites
316 1205 381 1267 fieri
397 1204 555 1289 jussuros!
608 1205 678 1269 Hoc
693 1208 795 1269 edicto
811 1208 965 1289 literisque
979 1227 1141 1269 censorum
1155 1228 1211 1289 per

162 1290 230 1353 lora
252 1302 284 1353 et
307 1292 510 1353 conciliabula
528 1292 670 1370 dimissis,
685 1304 773 1353 tanta
792 1293 956 1355 multitudo
972 1292 1128 1374 juniorum
1144 1292 1210 1354 Ro-

162 1396 245 1439 mam
262 1378 414 1455 convenit,
429 1386 464 1440 ut
477 1378 574 1459 gravis
589 1378 655 1439 urbi
672 1379 761 1439 turba
776 1378 898 1439 insolita
912 1390 1003 1440 esset.

215 1460 287 1525 XV.
317 1461 428 1525 Praeter
459 1464 612 1525 delectum
648 1479 764 1540 eorum,
793 1482 868 1545 quos
900 1463 932 1523 in
961 1463 1208 1545 supplementum

160 1548 244 1613 mitti
268 1551 440 1632 oportebat,
462 1560 590 1629 quatuor
613 1570 632 1609 a
657 1547 694 1610 C.
716 1546 852 1629 Sulpicio
874 1559 1000 1631 pretore
1021 1548 1140 1629 scripta
1162 1547 1208 1611 le·

160 1638 269 1716 giones
295 1645 377 1713 sunt,
401 1636 540 1714 intraque
565 1634 706 1695 undecim
733 1634 796 1699 dics
819 1633 954 1696 delectus
975 1646 1024 1695 est
1044 1634 1206 1716 perlectus.

158 1720 310 1785 Consules
331 1720 443 1782 deinde
463 1720 562 1782 sortiti
577 1720 748 1803 provincias
770 1733 851 1781 sunt.
872 1739 944 1781 nam
958 1731 1100 1801 praetores
1113 1741 1207 1803 prop·
1220 1729 1346 1780 Provincia·

159 1818 208 1870 ter
231 1804 474 1888 jurisdictionem
497 1806 643 1867 maturius
664 1806 765 1867 sortiti
787 1817 885 1867 erant.
939 1802 1066 1867 Urbana
1085 1804 1122 1870 C.
1137 1797 1349 1872 Sul-nem·

156 1894 254 1976 picio,
276 1893 435 1975 peregrine
454 1890 493 1953 C.
508 1890 650 1953 Decimio
672 1892 837 1973 obtigerat,
852 1890 1033 1972 Hispaniam
1048 1889 1096 1954 M.
1112 1891 1207 1954 Clau·
1219 1872 1261 1911 ‘¹⁰'

62 2016 64 2023 ι
156 1980 230 2041 dius
253 1976 428 2056 Marcellus,
447 1975 583 2040 Siciliam
602 1976 667 2039 Ser.
683 1976 841 2039 Cornelius
857 1976 1015 2055 Lentulus,
1035 1974 1207 2041 Sardiniam

157 2063 191 2127 P.
209 2064 356 2127 Fonteius
378 2063 500 2146 Capito,
520 2063 646 2126 classem
670 2062 706 2125 Ο.
722 2062 857 2125 Marcius
879 2062 1003 2144 Figulus
1026 2076 1094 2125 erat
1114 2066 1207 2125 sorti-

154 2162 220 2213 tur.
279 2150 446 2213 Consulum
469 2148 527 2213 Cn.
547 2146 674 2212 Servilio
698 2147 797 2227 ltalia,
819 2147 859 2219 Q.
881 2146 1002 2211 Marcio
1021 2148 1208 2212 Macedonia

154 2238 294 2300 obvenit.
350 2235 528 2317 Latinisque
549 2236 635 2314 actis,
650 2234 786 2299 Marcius
802 2234 958 2318 extemplo
977 2246 1025 2297 est
1042 2234 1220 2317 proiectus.¹

153 2322 306 2406 Caepione
328 2322 438 2385 deinde
459 2322 605 2384 referente
629 2322 668 2397 ad
689 2334 841 2400 senatum,
855 2341 931 2401 quas
952 2342 991 2383 ex
1010 2321 1095 2382 novis
1110 2321 1206 2401 legio·

153 2408 250 2471 nibus
278 2409 352 2470 duas
379 2408 407 2467 le
429 2408 514 2469 'ones
540 2426 643 2469 seeum
669 2408 701 2469 in
726 2405 868 2469 Galliam.
888 2407 1024 2484 duceret,
1050 2407 1208 2468 deerevere

152 2492 278 2572 Patres,
300 2506 336 2555 ut
359 2491 397 2554 C.
407 2428 574 2575 Sulpicius,
596 2491 642 2555 M.
658 2492 803 2555 Claudius
822 2504 965 2575 praetores
988 2512 1027 2553 ex
1051 2492 1108 2569 bis,
1129 2511 1204 2573 quas

151 2581 362 2662 scripsissent,
373 2579 553 2660 legionibus,
565 2599 639 2660 quas
654 2579 815 2657 videretur,
828 2578 945 2641 consuli
956 2578 1076 2640 darent.
1118 2580 1142 2623 ⁷¹
1151 2575 1203 2639 ln·

153 2668 251 2750 digne
266 2667 428 2747 patiente²
450 2675 611 2747 pratorum
627 2664 753 2728 arbitrio
779 2665 934 2726 consulem
958 2663 1140 2745 subjectum,
1155 2663 1204 2725 di·

153 2754 252 2815 misso
268 2759 388 2825 senatu,
400 2749 440 2810 ad
456 2749 585 2810 tribunal
599 2762 760 2831 pratorum
776 2763 860 2814 stans
875 2751 1049 2832 postulavit,
1060 2770 1099 2811 ex
1115 2769 1203 2811 sena-

155 2836 347 2900 tusconsulto
362 2834 549 2896 destinarent
569 2835 626 2896 sibi
642 2836 716 2896 duas
732 2836 876 2916 legiones.
891 2840 919 2882 ⁷²
930 2849 1072 2920 pretores
1086 2835 1204 2897 consuli

155 2925 189 2986 in
213 2921 354 3004 eligendo
375 2919 533 2981 arbitrium
554 2920 701 2981 fecerunt.
761 2917 909 2981 Senatum
931 2920 1042 2981 deinde
1063 2942 1204 2984 censores
1217 2937 1327 2990 ccamra.

155 3010 311 3092 legerant:
338 3003 386 3068 M.
400 3001 545 3066 AEmilius
561 3003 693 3087 Lepidus
707 3005 847 3087 princeps
866 3006 905 3066 ab
925 3006 1024 3068 tertiis
1044 3004 1112 3087 jam
1131 3028 1204 3071 een·

156 3095 277 3157 soribus
291 3093 396 3154 lecns.
450 3087 575 3173 Septem
591 3113 607 3152 e
623 3103 729 3154 senatu
746 3089 837 3173 ejecti
858 3102 939 3153 surrt.
992 3090 1028 3152 ln
1042 3113 1135 3162 censu
1152 3115 1203 3156 ac·

159 3179 303 3260 cipiendo
324 3177 427 3260 populi
451 3177 563 3240 milites
587 3197 627 3240 ex
649 3177 854 3240 Macedonico
877 3178 1026 3254 exercitu,
1041 3179 1091 3257 qni
1113 3199 1204 3258 quarn

159 3265 252 3328 multi
267 3265 403 3325 abessent
426 3264 463 3325 ab
487 3263 592 3346 signis,
607 3285 715 3326 census
732 3263 848 3341 docuit,
863 3263 895 3323 in
910 3263 1097 3345 provinciam
1112 3283 1205 3344 coge·

160 3352 260 3412 bant:
293 3352 448 3412 ⁷³caussas
478 3349 660 3433 stipendiis!
690 3350 851 3411 missorum
881 3349 1130 3428 cognoscebant:
1162 3359 1204 3426 et,

160 3435 249 3518 cujus
264 3435 396 3498 noudum
407 3435 492 3517 justa
506 3436 611 3497 missio
626 3436 690 3496 visa
704 3444 795 3512 essct,
810 3435 857 3495 ita
871 3431 1084 3514 jusjurandum
1100 3433 1205 3516 adige·

156 3525 252 3586 bant:
282 3524 308 3567 ⁷⁴
320 3522 330 3554 ‘
342 3521 390 3584 lix
411 3523 454 3584 tui
478 3522 572 3585 animi
596 3521 759 3599 sententia,
779 3533 814 3584 tu
837 3539 877 3582 ex
899 3519 1001 3581 edicto
1021 3517 1058 3581 C.
1073 3517 1205 3598 Claudii,

158 3607 231 3670 ‘'l’i.
242 3605 414 3690 Sempronii
430 3629 590 3670 censorum
606 3608 638 3669 in
650 3607 838 3690 provinciam
851 3603 1066 3668 Macedoniam
1083 3607 1204 3685 redibis,

155 3693 172 3728 ‘
184 3693 266 3776 quod
281 3695 347 3756 sine
362 3693 433 3758 dolo
448 3694 644 3758 malefacere
660 3694 777 3777 poteris
788 3691 818 3755 ?’

334 3841 440 3900 ¹putr'enr
450 3837 519 3887 Cres.
650 3837 722 3885 udd.
737 3835 959 3902 [manummerias]
973 3835 1032 3885 liud.

186 3951 358 4020 uenatu]
380 3953 467 4002 Gratiae
477 3953 584 4002 datanon
596 3954 653 4019 luri.
727 3953 750 3990 ⁷³
763 3952 846 4003 &usne
865 3949 1107 4063 stipendiirpnoadum
1122 3950 1207 3997 emni-

190 4017 213 4054 ⁷¹
226 4017 320 4084 Indigm
337 4018 432 4083 potiens]
466 4019 496 4067 lit
514 4018 557 4068 boc
574 4035 589 4067 a
605 4019 664 4066 Gro·
696 4015 738 4080 ιἰι]
751 4017 875 4081 miranter]
905 4017 944 4066 Sic
962 4017 983 4062 ιί
1000 4027 1052 4064 etur
1067 4015 1112 4076 legi
1132 4014 1205 4064 debe·

155 4082 227 4130 novio
244 4095 287 4131 est.
334 4083 410 4145 Vulgo
428 4086 600 4148 patrataque
618 4099 664 4134 vox
694 4099 729 4133 rc.
763 4081 845 4146 Supra,
855 4099 877 4131 e.
895 4083 1067 4142 lbetpuom
1081 4089 1133 4128 ente
1147 4095 1204 4127 erne·

156 4146 263 4196 solim
273 4147 535 4198 efficiebrrorarionem.
694 4153 740 4197 rito
762 4148 870 4224 nipendia
892 4148 991 4210 gmtr'uee
1015 4147 1086 4194 crisio
1103 4145 1144 4192 ribi
1158 4147 1204 4191 vm

187 4211 211 4247 ⁷¹
223 4211 330 4261 Praerora
343 4215 428 4264 mnndi
440 4249 446 4263 .
461 4246 468 4262 .
481 4214 612 4263 arbitrium
622 4213 664 4278 se·
695 4222 752 4263 sent.

157 4277 245 4341 mal]
278 4279 340 4340 lege
362 4280 465 4341 omnino,
487 4290 513 4326 ιιι
532 4278 663 4328 ῦιαιοιίιιι
727 4275 797 4324 “Er
813 4279 848 4325 tut
866 4277 936 4323 enini
955 4276 1071 4341 menta]
1098 4274 1203 4323 Versat

157 4339 232 4402 iubet,
250 4343 350 4393 maun
391 4345 429 4394 Sic
444 4345 506 4395 enim
523 4357 585 4394 emat
600 4345 679 4407 loqui,
697 4357 725 4392 ex
741 4342 819 4390 animo
833 4341 948 4406 promittis
963 4353 1047 4392 teste.
1084 4341 1138 4390 Vrd.
1155 4350 1203 4389 not.

160 4404 242 4453 errr.
281 4407 354 4472 Supra
367 4409 385 4459 l.
400 4421 516 4460 uerae
528 4413 553 4463 8.
595 4409 664 4460 Seno-
698 4408 776 4463 iliad
788 4407 972 4460 laxum-53.

157 4471 408 4535 muniemus
415 4473 484 4541 sectr.
