3184 5225
529 382 605 440 LIB.
626 380 709 441 XLI.
731 380 815 441 CAP.
834 383 892 442 IX.
1184 388 1220 444 n

168 549 270 602 mataa
302 558 381 600 esse.
437 533 521 599 Inter
550 538 625 617 haec,
652 558 717 621 quae
742 538 979 620 nunciabantur,
1011 538 1102 619 iupus
1130 538 1225 601 etiam
1239 546 1383 602 tter-75.

169 626 278 689 Romae
305 622 439 686 interdiu
466 625 609 705 agitatus,
635 644 728 706 quum
752 622 875 687 Collina
893 635 983 707 porta
995 626 1151 704 intrasset,
1170 646 1227 708 per
1240 614 1378 666 mm·

169 712 363 794 Esquilinam
395 730 510 792 magno
536 713 781 773 carnotentium
806 713 938 773 tumultu
962 712 1066 773 evasit
1110 712 1226 774 Forum

171 800 382 881 prodigiorum
406 817 514 859 caussa
538 798 677 859 consules
699 797 829 879 majores
845 799 961 860 hostias
975 799 1174 878 inmolarunt,
1193 810 1229 861 et

173 887 256 948 diem
271 906 363 947 unum
378 884 461 947 circa
476 885 581 945 omnia
594 884 762 965 pulvinaria
785 886 970 966 supplicatio
989 885 1058 947 fuit
1101 883 1227 947 Sacrifi-

173 974 231 1033 eiis
261 973 318 1033 rite
343 971 497 1054 perfectis,
520 970 691 1052 provincias
715 970 816 1031 sortiti
841 982 938 1032 sunt:
973 970 1105 1033 Claudio
1129 969 1229 1048 istria,

170 1056 358 1141 Sempronio
384 1055 528 1119 Sardinia
550 1056 685 1119 obvenit.
729 1059 756 1095 ⁴³
770 1053 885 1138 Legem
903 1058 1001 1119 dein·
1024 1059 1064 1119 de
1083 1058 1177 1120 sociis
1190 1056 1383 1125 Canusin-

169 1144 323 1221 Ciaudius
346 1145 418 1206 tulit
442 1142 718 1221 senatusconsulto,
740 1154 771 1205 et
796 1143 913 1204 edixit:
937 1142 1010 1224 ‘qui
1025 1144 1102 1204 socii
1118 1142 1304 1206 seneffi-

171 1234 185 1265 ‘
200 1232 291 1293 minis
308 1230 422 1304 Latini,
435 1231 495 1313 ipsi
506 1228 678 1311 *majoresve
693 1250 809 1307 eorum,
818 1228 865 1289 M.
881 1228 1022 1308 Claudio,
1029 1228 1074 1290 Τ.’
1081 1230 1231 1300 Quinctio

170 1320 387 1396 ‘censoribus,
411 1328 541 1400 postque
567 1336 614 1394 ea,
638 1316 719 1398 apud
736 1316 844 1377 socios
867 1317 999 1377 numinis
1024 1314 1126 1377 latini
1144 1317 1230 1378 censi

170 1406 313 1483 ‘essent,
327 1415 363 1465 ut
376 1424 482 1466 ornnes
497 1404 528 1465 in
544 1424 629 1464 suam
646 1402 772 1483 quisque
797 1402 952 1464 civitatem
976 1414 1048 1464 aute
1073 1400 1233 1464 Kalendas

171 1492 187 1525 ⁴
200 1490 413 1553 Novembres‘
438 1487 590 1552 redirent’
635 1488 778 1567 Quaestio,
803 1489 854 1571 qui
874 1490 921 1550 ita
935 1510 997 1550 non
1010 1488 1173 1567 redissent,
1193 1487 1232 1551 Ia

178 1576 331 1639 Mummio
356 1579 475 1659 proetori
500 1578 624 1638 decreta
648 1586 704 1638 est.
729 1576 768 1637 ad
783 1576 885 1657 legem
898 1586 931 1637 et
946 1575 1083 1638 edictum
1096 1575 1233 1637 consulis

176 1666 475 1726 senatusconsultum
492 1662 646 1745 adjectum
668 1673 734 1723 est:
762 1666 789 1701 ⁴¹
805 1664 816 1694 ‘
832 1674 876 1739 ut,
892 1662 1034 1740 dictatur,
1049 1662 1167 1739 consul,
1180 1662 1230 1722 in·

173 1752 188 1785 ‘
203 1762 315 1827 terrex,
327 1771 445 1828 censor,
459 1760 580 1833 praetor,
593 1749 644 1829 qui
655 1768 737 1810 nunc
746 1758 761 1787 ¹¹
778 1760 868 1826 esset,
878 1750 960 1831 apud
974 1768 1079 1810 aurum
1088 1760 1104 1787 ¹
1117 1756 1233 1829 quem!

173 1838 189 1871 ‘
203 1838 479 1916 manumitteretur,
506 1837 537 1898 iu
565 1836 735 1897 libertatem
760 1835 974 1912 vindicaretur,
995 1850 1031 1898 ut
1046 1834 1232 1916 jurisjuran-

176 1926 188 1957 ‘
204 1924 277 1986 dum
293 1924 390 2001 daret,
403 1925 455 2005 qui
471 1942 540 1984 eum
555 1922 796 1999 manumitteret,
808 1922 940 1983 civitatis
954 1922 1109 1983 mutandae
1122 1942 1232 1983 eaussa

172 2011 189 2045 ⁴
204 2030 298 2071 manu
312 2032 374 2073 non
388 2011 513 2073 mittere
524 2007 548 2071 τ’
570 2008 667 2093 quiid
684 2029 746 2069 non
766 2006 895 2089 juraret,
919 2028 989 2070 eum
1010 2008 1233 2071 manumitten-

178 2096 250 2159 dum
278 2118 339 2157 non
366 2107 560 2159 censuerunt.
603 2099 631 2135 ⁴⁵
649 2092 723 2156 Haec
745 2095 776 2155 in
802 2107 956 2177 posterum
978 2116 1085 2156 caussa
1094 2094 1233 2176 jmisque

177 2184 273 2246 dictio
288 2182 326 2245 C.
342 2182 472 2245 Claudio
486 2181 603 2244 consuli
619 2182 742 2243 decreta
757 2192 814 2243 est.

213 2371 224 2396 ⁸
240 2366 318 2413 deinde
328 2366 466 2431 conjunctim
478 2366 552 2415 Gran.
721 2374 729 2400 ⁸
744 2362 868 2413 Noeeudrir
879 2362 948 2411 Crev.
1050 2369 1063 2394 ¹
1077 2372 1134 2411 turre
1142 2364 1203 2412 End.

276 2430 516 2494 *fhmssoron
675 2429 767 2495 t[‹pn]
783 2426 1136 2493 paream-summme.

215 2567 237 2601 ⁴³
254 2565 335 2632 legem
351 2568 402 2619 dein
422 2572 517 2620 decuriis
536 2570 562 2620 C.
582 2568 690 2620 Claudius
723 2568 844 2627 consulam,
861 2578 910 2617 ete.
929 2570 1064 2632 iungeretur
1080 2585 1111 2620 eo
1126 2581 1233 2638 tempure

179 2633 233 2680 tutu
252 2635 443 2698 senatrumruultn]
473 2635 534 2685 Dein
552 2639 579 2684 de
597 2635 689 2684 divisim
723 2651 768 2698 quo
778 2647 925 2698 perageretur
936 2636 1090 2692 manumissin
1105 2648 1132 2684 ut
1148 2637 1177 2693 is,
1193 2639 1231 2685 in·

177 2697 218 2745 edi
226 2696 346 2761 jussimus,
354 2702 468 2763 monimo
479 2701 547 2750 habet
557 2701 629 2765 prime
641 2701 690 2747 edi·
723 2716 800 2762 quam,
805 2702 845 2764 qui
853 2702 1064 2757 manumitteretur,
1068 2703 1232 2766 jusjurandum

178 2764 223 2820 tin,
243 2775 301 2812 teste
322 2766 432 2816 Hermio.
466 2767 511 2816 Sed
529 2780 554 2816 et
573 2767 689 2827 legeeum
721 2768 795 2826 daret,
812 2779 1096 2814 uoneameeaemeutem
1105 2770 1233 2817 manumit-

180 2829 299 2876 Gronovio
314 2847 340 2878 ea
355 2835 545 2881 aeuatruemuulta.
578 2833 615 2880 Sic
627 2834 689 2880 enim
722 2833 803 2888 tentis,
816 2843 843 2880 ut
854 2832 911 2896 ipse,
927 2831 949 2878 id
960 2845 1006 2892 est,
1024 2833 1092 2893 isqui
1104 2835 1233 2882 manumit-

178 2893 338 2945 solertium.
625 2913 628 2920 ’
722 2897 822 2957 rebatur,
855 2896 970 2944 civitatem
1005 2908 1115 2946 minaret.
1163 2901 1234 2962 Apud

211 2959 235 2990 ⁴⁴
254 2957 285 3006 Ut
299 2962 402 3018 dictator,
417 2960 504 3028 meruel]
518 2961 593 3023 Vulgo
603 2961 641 3010 hie
653 2961 690 3010 le·
721 2977 794 3010 mmm
804 2977 867 3024 quera
877 2962 939 3009 idem
950 2975 987 3010 est
997 2976 1066 3025 arque
1079 2965 1142 3026 «prad
1156 2979 1233 3011 eom

179 3022 250 3084 gitur,
267 3023 299 3072 Ut
307 3027 560 3090 dictatae..praetorqui
571 3034 690 3076 uunresret
720 3027 824 3089 alutem,
845 3042 929 3092 nempe
948 3029 1007 3088 apud
1028 3029 1128 3092 aliquem
1150 3044 1233 3078 mm

181 3087 408 3154 apadsanrn,quem
418 3093 614 3141 mmrrrnitterenrr.
639 3091 690 3139 Nos
723 3092 898 3152 magistratuum
909 3094 949 3156 qui
960 3093 1026 3141 initio
1042 3094 1232 3146 annuntians.

181 3165 372 3216 repraesentamus
388 3167 491 3205 veterem
506 3155 575 3220 hrrjus
585 3157 629 3204 loni
641 3157 690 3205 leo·
724 3155 770 3210 Qui
788 3166 843 3204 turre
861 3165 911 3205 esset
926 3159 1021 3205 omnino
1030 3161 1152 3220 legendum
1163 3173 1234 3225 pura·

180 3219 280 3274 tionem,
310 3221 400 3284 qualem
428 3223 571 3282 Lembecius,
604 3223 691 3270 sitente
723 3239 783 3270 mua
823 3223 903 3286 Hujus
924 3226 986 3272 enirn
1005 3225 1070 3274 S.C.
1088 3226 1122 3274 via
1139 3241 1187 3273 noa
1206 3225 1234 3272 'm

185 3281 300 3341 Reunia,
319 3285 409 3335 exhibet
429 3287 521 3337 Comm.
540 3289 568 3336 de
580 3287 690 3336 biblioth.
722 3295 860 3351 presentem
879 3291 947 3336 modo
961 3305 1057 3349 anuum,
1072 3293 1112 3338 sed
1123 3302 1147 3338 er
1157 3291 1183 3336 in
1191 3290 1234 3337 iu·

185 3345 285 3397 Vindab.
294 3350 312 3397 l.
324 3365 351 3399 u.
363 3368 383 3400 e.
396 3355 418 3401 8.
430 3369 454 3416 p.
467 3355 522 3402 495.
534 3354 691 3418 depromptam
723 3365 786 3400 turos
796 3353 934 3417 pertinebat.
969 3353 1081 3402 Proererea
1095 3355 1234 3403 nuiluseaat

184 3428 213 3460 et
234 3412 304 3462 unico
320 3417 404 3474 cadite,
422 3419 462 3480 qui
483 3415 550 3466 hodie
568 3419 592 3466 in
605 3419 691 3466 biblio·
725 3417 881 3474 Romae‚tunc
891 3434 963 3481 quum
980 3419 1004 3467 b'.
1016 3421 1045 3468 C.
1059 3421 1116 3468 iliud
1132 3421 1237 3476 demtm,

180 3481 255 3526 thece
279 3481 380 3530 Caesarea
400 3493 536 3532 emereatur.
570 3483 597 3531 id
618 3484 692 3532 solum
724 3482 883 3540 necdicraror,
897 3485 1236 3548 neeinterrer,nequeetiam,

183 3544 331 3602 mutavimus,
355 3548 415 3609 quad
437 3563 479 3613 pro
502 3550 541 3610 qui
561 3565 622 3598 anne
642 3557 694 3598 earet
728 3547 958 3606 urvidetuneeueor.
990 3549 1234 3613 Deniqueidmaram

184 3609 297 3657 edidimus
315 3613 353 3672 qui
369 3621 423 3660 trine
439 3622 490 3662 esset
501 3629 529 3661 er
540 3627 619 3663 mente
631 3615 692 3661 Gro-
724 3615 800 3662 iacere
812 3629 857 3662 non
870 3615 947 3674 debet,
966 3617 1024 3677 quod
1043 3619 1073 3666 ab
1091 3617 1169 3680 eoqrri
1181 3631 1234 3664 ma·

181 3675 254 3732 norit,
269 3687 293 3722 et
313 3677 450 3727 inseruimus
469 3679 573 3726 voculam
589 3681 692 3744 quiante
725 3679 865 3736 numittitur,
894 3677 1053 3742 jusjurandum
1081 3683 1178 3744 erigitur
1201 3681 1234 3729 de

185 3742 387 3791 manumitteretur.
419 3743 482 3791 Nem
505 3758 590 3792 cererm
617 3757 693 3792 muta·
726 3755 805 3793 mente
816 3757 840 3793 et
851 3746 945 3793 consilio
955 3748 1147 3795 manumittentis.
1168 3745 1234 3794 Nem

181 3804 248 3870 done
260 3817 285 3852 er
296 3805 428 3855 leviusculas
439 3821 501 3866 snut,
517 3822 540 3857 et
552 3810 652 3858 evidenti
664 3811 693 3857 de
726 3811 800 3874 primo
812 3811 844 3857 ira
861 3826 886 3858 ae
903 3825 954 3858 rem
969 3811 1077 3858 habuisse
1088 3813 1171 3860 invicte
1181 3827 1235 3874 pm·

183 3883 251 3917 rausa
261 3867 308 3933 jam
319 3870 374 3919 olim
383 3873 451 3922 factae
460 3891 472 3922 s
481 3873 575 3923 Simone
583 3874 694 3939 Grynaeo.
724 3875 779 3923 bant
791 3892 818 3924 ea
828 3891 881 3939 qam
891 3876 994 3940 proxime
1010 3889 1140 3940 temnuntur
1152 3875 1236 3924 rerba:

179 3935 211 3982 ab
228 3936 381 4000 omnibusque
400 3940 506 4003 deinceps
520 3941 644 3990 editoribus
654 3957 693 4004 ap-
725 3943 797 4003 quiid
807 3959 852 3989 aaa
861 3943 962 4002 juraret,
979 3958 1029 3989 suar
1038 3943 1238 3990 Μηίων

183 3999 696 4069 pmbaraetmauumlttmtpromanunrittem,
725 4023 769 4054 nou
786 4017 923 4054 merserunt.
957 4007 1008 4054 lam
1028 4024 1093 4060 reru.
1107 4023 1180 4072 qmrm
1196 4005 1238 4054 itta

183 4067 295 4113 mlada
305 4081 347 4130 pro
356 4069 484 4128 multmrdae,
492 4072 585 4132 juraret
601 4085 642 4135 pro
648 4072 693 4130 ju·
724 4071 795 4128 fram,
805 4087 856 4133 quse
867 4070 910 4119 hoc
920 4072 946 4119 S.
957 4071 986 4120 0.
997 4086 1101 4130 caretur,
1115 4073 1141 4121 in
1153 4087 1239 4120 maun·

182 4143 242 4185 mm,
251 4142 298 4179 ete.
332 4131 412 4197 Hujus
425 4135 494 4196 igitur
503 4134 692 4184 senatusconsulti
725 4136 787 4184 missi
799 4137 913 4200 praecipue
925 4140 1069 4187 commodum
1079 4140 1181 4192 rederet,
1195 4137 1238 4184 iile

181 4191 246 4243 bane
257 4211 308 4243 esse
318 4211 412 4248 sensam
424 4203 545 4259 eredimus,
557 4213 582 4250 ut
594 4203 632 4265 qui
644 4217 693 4248 urs·
725 4201 857 4249 hebebatur.
871 4203 943 4250 totius
958 4205 993 4251 rei
1003 4219 1086 4268 tepere
1102 4213 1174 4267 atque
1184 4203 1240 4250 ideo

183 4263 359 4324 nominentur,
374 4265 412 4312 vel
430 4266 454 4314 in
472 4267 601 4315 libertatem
621 4266 694 4314 vindi·
726 4267 756 4314 ab
768 4283 797 4316 eo
804 4268 965 4330 jusjurandum
976 4271 1082 4330 exigitur.

179 4337 275 4373 uretur
285 4327 344 4390 apud
355 4328 455 4394 aliquem
466 4333 695 4397 magistrarumputs
758 4332 780 4366 ⁴⁵
799 4331 861 4380 Her.
870 4370 876 4380 .
886 4349 966 4382 musa
971 4337 1076 4397 jurisque
1085 4331 1163 4396 dictio]
1176 4331 1241 4380 Τις·

179 4388 371 4448 ᾱιυτοηω,νο1
382 4396 510 4456 consulem,
521 4398 558 4445 rel
569 4411 696 4454 censorem,
727 4410 790 4446 eamr
810 4397 956 4458 Lembeoius,
973 4402 1132 4448 commearm
1148 4399 1179 4446 de
1197 4397 1240 4444 lli·

184 4455 221 4501 sei
231 4456 381 4534 interregem,
397 4461 432 4509 vel
442 4474 574 4525 praetorem,
589 4463 628 4526 qui
638 4473 695 4512 tuuc
726 4463 810 4510 blioth.
828 4461 929 4512 vindob.
947 4464 964 4511 i.
975 4477 1004 4513 u.
1020 4482 1042 4515 e.
1054 4469 1078 4513 8.
1089 4464 1184 4514 unitam
1195 4477 1240 4510 ex·

180 4522 285 4580 weard
295 4534 341 4581 est,
357 4524 396 4588 qui
406 4542 502 4578 munere
512 4529 641 4589 dinnano,
659 4528 696 4580 vei
728 4528 817 4592 empler
834 4527 937 4577 bebere:
959 4529 1128 4582 Μυκη
1137 4529 1242 4591 judan
