3184 5225
366 354 428 409 18⁶
777 345 862 404 TITI
881 344 982 403 uvat

195 518 337 572 memes.
364 503 527 565 ‘tiochum
543 520 646 583 regem
662 500 735 563 data
756 500 797 561 ad
819 500 933 561 omnia·
947 499 1117 581 pultinaria
1137 509 1253 575 esseest,
1268 497 1415 569 mnu.

197 586 229 635 Α·
240 586 270 636 0·
281 586 335 637 ¹⁶⁷·
365 591 375 622 ‘
391 586 512 651 Cassius
524 600 557 649 et
571 586 630 647 Μ’.
642 586 802 649 Juventius
818 598 961 668 praetores
976 598 1118 648 curarent
1133 582 1256 647 danda'
1318 599 1322 604 ’

408 672 511 736 XVII.
527 672 661 753 Legatos
685 672 807 748 deinde,
831 693 959 753 qnorum
980 672 1019 733 de
1034 672 1186 740 sententia
1211 672 1415 753 imperatores

366 760 404 823 1..
419 760 550 836 Paullus,
573 758 608 820 L.
617 758 756 820 Anicius
773 770 993 840 componerent
1016 758 1073 835 les,
1094 758 1295 819 decreverunt
1317 762 1344 803 ⁷⁴
1357 758 1411 819 de·

198 848 312 911 ¹23¹th
366 868 434 909 cem
448 846 481 907 in
496 844 726 922 Macedoniam,
740 846 874 927 quinque
883 846 917 907 in
932 844 1096 927 Illyricum.
1142 842 1176 905 lu
1189 841 1418 905 Macedoniam·

199 914 344 1029 fflffil'
367 944 437 995 eunt
460 932 490 993 hi
507 932 669 1009 nominati,
689 931 728 991 A.
745 929 918 993 Postumius
944 930 1068 1008 Luscus,
1085 929 1122 992 C.
1137 930 1296 1006 Claudius,
1317 930 1413 991 ambo

198 996 331 1097 rim!
367 1019 507 1096 censorii,
527 1018 563 1080 C.
587 1015 722 1079 Licinius
742 1016 880 1091 Crassus,
904 1018 1024 1098 collega
1047 1018 1080 1077 in
1102 1017 1262 1077 consulatu
1293 1015 1411 1091 Paulli;

367 1118 432 1167 tum
455 1114 619 1187 prorogato
643 1104 771 1183 imperio
798 1102 984 1183 provinciam
1006 1101 1138 1163 Galliam
1161 1103 1306 1163 habebut.
1351 1100 1417 1163 Hie

367 1191 573 1253 consularibus
604 1189 749 1251 addidere
779 1186 837 1248 Cn.
867 1186 1039 1250 Domitium
1063 1188 1315 1264 Ahenobarbum,
1344 1186 1415 1249 Ser.

368 1276 542 1339 Cornelium
558 1275 687 1352 Sullam,
701 1272 737 1335 L.
751 1273 890 1350 erium,
911 1272 947 1335 C.
968 1274 1136 1335 Antistium
1160 1272 1354 1352 Labeonem,-
1370 1271 1415 1335 Τ.

366 1361 540 1423 Numisium
571 1359 836 1443 Tarquiniensem,
863 1360 901 1421 A.
929 1357 1109 1421 Terentium
1138 1358 1319 1421 Varronem.
1373 1358 1412 1421 In

367 1448 519 1532 Illyricum
536 1460 640 1509 autem
662 1448 693 1507 hi
708 1447 871 1523 nominati,
895 1445 927 1506 P.
944 1444 1045 1507 AElius
1060 1445 1346 1526 Ligus-consularis,
1373 1445 1414 1509 C.

367 1533 532 1611 Cicereius,
548 1546 580 1595 et
595 1533 653 1595 Cn.
669 1531 789 1595 Baebius
803 1531 994 1613 Tamphilus,
1024 1533 1086 1610 (hic
1112 1534 1214 1614 priore
1239 1553 1331 1608 anno,
1356 1530 1413 1593 Ci-

367 1621 482 1682 cereius
498 1620 600 1682 multis
615 1631 687 1680 ante
710 1620 796 1679 annis
818 1629 927 1699 praetor
951 1618 1067 1703 luerat),
1079 1618 1112 1679 P.
1125 1616 1287 1680 Terentius
1301 1615 1412 1679 Tusci·

366 1707 519 1784 veicauus,
534 1705 567 1767 P.
583 1705 740 1767 Manilius.
784 1702 899 1765 Moniti
927 1704 1037 1767 deinde
1062 1705 1202 1767 consules
1222 1702 1414 1781 aPatribus,

367 1804 415 1869 ut,
454 1793 598 1873 quoniam
630 1792 758 1853 alterum
792 1811 832 1851 ex
861 1791 909 1851 lris
938 1792 1098 1852 succedere
1130 1790 1166 1853 C.
1197 1788 1333 1868 Licinio,
1359 1791 1413 1871 qm

366 1878 485 1959 legatus
500 1880 673 1940 nominatus
689 1888 765 1955 erat,
787 1877 819 1937 in
835 1873 967 1938 Galliam
982 1888 1149 1959 oporteret,
1175 1878 1275 1959 primo
1291 1898 1436 1958 quoquc.

300 2038 303 2047 .
367 1977 506 2046 tempore
521 1965 692 2046 provincias
705 1976 758 2025 aut
773 1976 988 2045 compararent
1012 1964 1096 2025 inter
1115 1985 1159 2051 sep
1187 1976 1241 2025 aut
1264 1964 1411 2025 sororem

367 2062 428 2129 tur,
455 2052 554 2111 sortiti
576 2063 657 2112 sunt.
702 2048 748 2111 M.
762 2048 857 2111 Junio
879 2048 956 2110 Pisae
974 2050 1172 2128 obvenerunt,
1199 2049 1304 2130 (quem
1317 2050 1415 2132 prius,

367 2156 459 2217 qnam
475 2137 506 2196 in
529 2138 714 2218 provinciam
737 2136 807 2213 iret,
826 2134 1008 2216 legationes,
1030 2156 1098 2217 quse
1118 2136 1252 2217 undique
1278 2135 1412 2197 Romam

367 2222 553 2300 gratrtlatum
583 2233 797 2299 convenerunt,
830 2221 1022 2283 introducere
1048 2223 1080 2283 in
1111 2235 1250 2284 senatum
1278 2222 1408 2304 placuit)

368 2306 508 2379 Q.AE1i0
523 2306 634 2371 Gallia.
678 2307 823 2371 Ceterum
837 2328 1021 2391 quamquam
1043 2309 1119 2371 tales
1132 2310 1186 2371 viri
1205 2308 1432 2387 mitterentsn„

367 2414 495 2476 quorum
512 2395 550 2456 de
565 2395 692 2457 consilio
710 2394 825 2475 sperari
852 2406 965 2475 posset,
987 2396 1188 2475 imperatores
1211 2395 1287 2455 nihil
1310 2395 1411 2476 indig-

366 2501 442 2541 num
458 2502 514 2541 nec
530 2481 691 2543 elementia
705 2502 763 2543 nee
777 2480 927 2561 gravitate
951 2482 1055 2563 populi
1081 2480 1212 2542 Romani
1238 2480 1426 2543 decretumne·

367 2586 443 2644 esse,
460 2567 610 2628 tamenin
633 2579 740 2646 senatu
762 2587 885 2648 ‹luoque
909 2569 1024 2649 agitata
1050 2580 1098 2630 est
1120 2588 1241 2630 summa
1266 2567 1428 2630 consilia·

367 2673 446 2730 rum,
461 2665 496 2714 ut
511 2653 657 2714 inchoata
671 2654 775 2715 omnia
790 2653 884 2734 legati
900 2656 939 2716 ab
956 2655 1049 2716 domo
1064 2654 1143 2716 ferre
1157 2655 1197 2716 ad
1212 2655 1425 2736 imperatores.

389 2749 502 2800 essent.

174 2861 179 2870 ·
198 2821 224 2869 Β·
235 2820 264 2870 ⁰·
275 2823 304 2872 δὲ
319 2890 324 2902 ,
368 2759 389 2820 p
409 2821 528 2885 XVIII.
538 2823 549 2854 ‘
559 2823 705 2886 Omnium
714 2826 1191 2910 primumliberosesse'plecebat
1205 2825 1415 2889 ‘Macedonas

196 2887 346 2938 mm·
366 2910 486 2992 ‘atque
496 2907 811 2993 Illyrios,utomnibus
817 2915 959 2996 gentibus
969 2913 1406 2995 adpareretarmupopulilio·

366 2997 378 3030 ‘
393 2997 910 3079 maninonliberisservitntem,sed
920 3001 1418 3062 contrasemientibuslibertntem·

366 3083 378 3116 ‘
391 3082 510 3145 adferre
516 3106 526 3160 ;
545 3095 582 3144 ut
599 3097 631 3146 et
642 3086 673 3145 in
684 3085 826 3148 libertate
835 3099 944 3168 gentes
956 3106 1023 3166 quse
1036 3098 1147 3164 essent,
1163 3096 1261 3148 tutam
1273 3107 1341 3146 eam
1350 3084 1420 3146 sibi·

365 3170 377 3202 ‘
391 3182 629 3252 perpetuamque
644 3175 670 3216 ⁷⁵
681 3173 737 3232 sub
747 3172 956 3255 tutelapopuli
969 3172 1126 3234 Romaniy
1142 3194 1219 3249 esse,
1229 3184 1271 3250 et,
1281 3192 1345 3252 quae
1356 3171 1412 3232 sub

350 3256 378 3334 ,⁴
394 3257 517 3337 regibus
528 3257 671 3333 viverent,
687 3271 719 3318 et
730 3259 761 3318 in
774 3280 902 3340 praesens
912 3271 1034 3340 tempus
1045 3260 1180 3320 mitiores
1191 3280 1244 3320 eos
1251 3258 1410 3339 jmtiores·

367 3342 380 3375 ‘
395 3362 454 3423 que
468 3354 610 3424 respectu
625 3345 729 3425 populi
742 3344 874 3406 Romani
894 3345 1004 3406 habere
1017 3367 1060 3422 se,
1069 3357 1113 3422 et,
1125 3346 1149 3405 si
1161 3346 1285 3425 quando
1296 3344 1420 3406 bellum

367 3429 380 3461 ‘
394 3427 860 3511 cumpopuloRomanoregibus
868 3429 1411 3512 firissctsuis,exitumejusvietorinm

367 3514 379 3570 ‘.
394 3511 554 3592 Romame,
564 3516 803 3578 sibilibertatem
812 3518 985 3579 adlaturum
992 3517 1162 3579 crederent.
1176 3514 1412 3598 ⁷⁶Metalliquo·

366 3599 380 3632 ‘
394 3619 454 3680 que
465 3598 671 3679 Macedonici,
679 3603 1011 3684 quodiugensvectigal
1019 3615 1095 3680 erat,
1103 3603 1329 3684 locationesque
1335 3623 1412 3685 pne·

363 3685 376 3718 ‘
390 3685 511 3747 dionem
523 3688 703 3749 rusticorum
715 3688 949 3771 tolli’plaeebat.
961 3691 971 3722 ‘
982 3711 1053 3750 nam
1063 3710 1162 3770 neque
1171 3691 1236 3750 sine
1247 3690 1413 3771 publicano

702 3829 704 3834 .
738 3797 849 3860 ![pepuir'
859 3794 1045 3860 RomanilCres.

378 3881 720 3946 ,⁷⁴DeceminMneedoniom]
747 3885 873 3932 lltnovem
906 3900 950 3932 nes.
983 3885 1099 3932 Posterius
1126 3885 1196 3944 magis
1226 3885 1306 3948 placet.
1348 3884 1416 3933 aeia

366 3955 459 3994 uncum
470 3952 628 3996 nomInentnr.
646 3949 782 3998 ‘lrrrereidit
801 3966 873 3996 unum
906 3951 952 3996 sint
962 3947 1007 3997 boe
1025 3949 1074 3996 loeo
1091 3950 1203 3996 baumes
1219 3951 1350 4010 prodierim»
1359 3964 1414 3996 rus-

365 4016 529 4074 nomenquod
540 4015 589 4060 lae.
601 4013 731 4061 Gronovius
745 4017 875 4080 suspicatur
905 4017 1005 4070 tieorrrm,
1021 4015 1081 4061 baud
1097 4014 1163 4061 facile
1179 4014 1273 4061 delinire
1284 4028 1414 4076 postumini

367 4075 460 4122 ΜΩ.
475 4079 556 4126 Maseli
569 4079 676 4143 Philippi.
906 4081 1009 4126 Fortasse
1020 4082 1065 4126 hoc
1075 4079 1248 4139 intelligendum
1265 4091 1299 4126 est
1314 4080 1416 4142 depr*

396 4139 419 4176 ⁷⁵
431 4140 477 4186 Sub
495 4145 564 4190 tutelo
589 4146 674 4208 (prpuli
693 4143 796 4204 merant)
817 4145 870 4207 ase]
905 4146 956 4201 diis,
965 4160 1019 4205 qum
1032 4145 1146 4207 proprium
1165 4156 1242 4192 essent
1259 4159 1339 4204 regum
1355 4143 1413 4191 Ma-

363 4203 553 4268 Adistitmerite
568 4209 673 4271 Sigonius
691 4209 731 4258 bas
749 4225 817 4257 voces
831 4225 873 4270 po-
905 4211 1065 4257 eedonieornm
1088 4210 1259 4272 paimoniam,
1287 4210 1348 4272 quod
1369 4222 1413 4253 vo·

359 4269 412 4330 puli
425 4269 525 4321 Romanii.
609 4283 611 4286 ·
834 4303 837 4308 -
904 4291 984 4322 umus
999 4276 1057 4337 apud
1066 4276 1261 4322 nosledomuine:
1278 4290 1330 4337 quse
1341 4287 1414 4334 quum

394 4333 522 4383 ⁷⁶Melolli
535 4353 617 4400 quanm
638 4338 786 4402 Macedonis-l]
819 4340 871 4386 Du·
903 4341 1033 4386 locarentur
1051 4356 1063 4386 a
1082 4339 1183 4403 regibus,
1206 4357 1219 4385 a
1242 4338 1352 4388 nomenis
1379 4337 1417 4385 rel

367 4397 434 4446 biam
446 4416 495 4448 erse
506 4415 591 4465 potem
605 4417 683 4451 utrum
695 4407 747 4452 haec
757 4407 823 4453 verbs
835 4421 873 4453 re·
905 4406 1044 4468 venduntur,
1054 4405 1091 4452 rel
1102 4408 1223 4453 donantur.

364 4463 460 4514 samoe
479 4468 526 4516 siut
543 4469 572 4515 ud
590 4471 690 4532 uectigal,
706 4487 734 4517 sn
745 4472 775 4518 sti
785 4473 873 4519 locutio·
