3184 5225
341 376 344 382 ·
370 331 441 423 viso
787 362 872 423 mm
891 361 992 424 artu

205 520 247 572 u.
260 523 364 576 cett,⁴
380 512 461 575 Huic
489 514 603 577 aedani
630 513 678 577 M.
692 514 846 577 Antonius
867 526 900 577 et
914 514 972 578 Μ.
992 514 1178 597 Pomponius
1192 515 1307 578 tribuni
1328 518 1425 598 plebis

178 630 181 637 v
203 588 283 641 Ἐς·
297 590 351 643 ¹⁶7·
376 600 626 663 adversabantur.
656 599 732 663 ··Sed
747 612 780 664 et
801 613 912 684 prator
932 622 1012 665 nevo
1032 602 1174 683 maloque
1197 603 1338 684 exemplo
1360 624 1423 667 rem

360 687 530 767 -ringressus
546 699 622 765 erat,
638 688 732 769 quod,
757 699 830 750 ante
844 709 905 750 oon
920 688 1062 751 consulto
1082 700 1202 765 senatu,
1216 710 1280 750 non
1290 690 1426 751 consuli-

378 773 435 833 bus
462 773 641 835 certioribus
667 774 769 852 factis,
794 774 833 836 de
859 795 914 837 sua
936 775 1025 838 unius
1054 776 1207 838 seruantia
1233 775 1425 857 rogationem

361 858 481 931 ¹terret,
506 856 665 937 ‘Vellent
676 859 873 941 juberentne,
892 860 1024 925 Rhodiis
1043 860 1157 923 bellum
1175 861 1270 925 indici
1283 861 1307 924 l'
1330 882 1425 941 quum

374 956 471 1006 antea
483 950 610 1027 sernper'
623 948 704 1029 prius
723 959 851 1009 senatus
873 947 911 1009 de
930 948 1011 1010 bello
1030 948 1186 1010 consultus
1201 961 1293 1023 esset,
1316 948 1429 1013 deinde

370 1031 419 1092 ud
433 1032 580 1112 populum
601 1032 718 1111 latum3
750 1036 777 1073 ⁹³
788 1048 822 1095 et
838 1034 952 1097 tribuni
968 1034 1076 1115 plebis,
1096 1054 1190 1115 quum
1208 1035 1254 1096 ita
1276 1034 1426 1097 traditum

372 1128 470 1194 esset,
485 1138 523 1178 ne
538 1119 605 1199 quis
620 1120 704 1201 prius
718 1120 922 1183 intercederet
936 1120 1008 1201 legi,
1026 1140 1117 1200 quam
1133 1120 1258 1202 privatis
1276 1120 1424 1183 suadendi

267 1232 270 1241 ⁴
376 1203 630 1284 dissuadendique
655 1206 753 1288 legem
768 1217 914 1288 ,potestas
937 1207 1022 1269 facta
1041 1218 1140 1283 esset3
1173 1227 1270 1287 eoque
1289 1227 1424 1288 persaepe

356 1290 537 1367 -eseniaset,
552 1302 597 1369 ut,
613 1293 664 1372 qui
686 1314 749 1355 non
765 1292 892 1374 professi
907 1303 1009 1355 esserst
1024 1312 1059 1353 ee
1074 1292 1300 1369 intercessuros,
1323 1292 1425 1355 anim-

356 1375 509 1436 adversis
520 1378 600 1437 vitiis
612 1378 688 1459 legis
704 1383 730 1418 ⁹⁴
739 1400 778 1441 ex
789 1378 908 1440 ratione
919 1377 1172 1454 dissuadentium,
1183 1378 1424 1455 intercederent3

375 1472 419 1537 st,
432 1462 482 1543 qui
492 1462 532 1522 ad
541 1462 793 1525 intercedendum
808 1463 1247 1540 vertissentdesisterentflicti
1259 1465 1427 1527 auctorita-

357 1546 456 1607 ,tibus
478 1548 672 1612 suadentium
688 1550 797 1631 legem.
840 1547 922 1613 Turn
944 1550 1025 1611 inter
1043 1562 1203 1631 pretorem
1226 1550 1425 1630 tribunosque
1494 1568 1499 1577 ·

375 1633 480 1693 omnia
494 1634 707 1719 intempestive
722 1636 834 1718 agendi
856 1647 1013 1699 certamen
1026 1647 1103 1698 erat.
1146 1633 1274 1699 Tribuni
1295 1635 1423 1699 festina·-

376 1720 492 1781 tionem
507 1724 644 1804 praetoris
659 1735 731 1786 ente
745 1735 867 1804 tempus
873 1721 1111 1851 iptercedepdo,

736 1810 757 1851 a

375 1898 406 1959 in
421 1900 584 1963 adventurn
600 1897 678 1959 iar-¹³
734 1983 755 2023 ὓ
887 1984 908 2024 ἑ
1040 1982 1060 2021 Ι*

202 2091 360 2143 omnm,
417 2068 521 2132 XXII.
537 2072 547 2103 ‘
562 2071 627 2113 Μ
640 2068 915 2150 peccaverimusne,
943 2067 1044 2130 adhuc
1059 2067 1186 2129 dubium
1209 2079 1283 2141 este,
1304 2088 1422 2150 poenas,

203 2157 329 2209 eleusin
373 2158 583 2239 ‘ignominias
596 2176 704 2217 ornnes
713 2153 779 2236 jam
795 2156 938 2237 patimur.
981 2153 1095 2231 Antea,
1115 2152 1422 2235 Karthaginiensibus

203 2236 294 2273 '‘nm''
350 2245 494 2322 ·‘vietis,
510 2242 661 2324 Philippo,
677 2240 832 2303 Antiocho
847 2240 1006 2324 superatis,
1021 2260 1114 2320 quum
1130 2238 1272 2301 Romam
1286 2240 1420 2302 venisse·

372 2332 383 2365 ‘
398 2350 476 2409 mus,
488 2314 662 2412 expublico
674 2328 809 2409 hospitio
823 2327 982 2389 incuriam
997 2326 1182 2407 gratulatum
1201 2326 1299 2404 vobis,
1317 2325 1422 2387 Patres

336 2442 338 2447 ·
371 2418 573 2498 ‘conscripti,
588 2436 627 2477 ex
645 2415 730 2475 curis
744 2414 775 2474 in
794 2412 984 2496 Capimlium
1004 2413 1043 2475 ad
1057 2411 1141 2475 Deos
1161 2425 1279 2495 uestros
1302 2416 1328 2453 ⁹⁵
1339 2413 1422 2475 dona

370 2503 547 2563 ‘ferentesc
554 2524 564 2579 3
612 2521 692 2561 nunc
729 2520 769 2561 ex
810 2500 932 2561 sordido
951 2499 1151 2577 -desersorio,
1187 2500 1240 2561 vix
1275 2499 1419 2562 mercede

346 2610 354 2620 ’·
370 2588 381 2623 ‘
396 2588 521 2670 recepti,
561 2606 597 2648 ac
640 2606 734 2669 prope
763 2586 898 2649 hostium
928 2606 1014 2650 more
1039 2598 1128 2649 extra
1157 2586 1265 2657 urbem
1294 2607 1419 2649 manere

351 2699 355 2706 ·
370 2672 479 2762 ‘jussi,
495 2676 526 2735 in
542 2675 600 2736 hoc
615 2673 753 2756 squalore
767 2673 906 2735 venimus
921 2674 954 2736 in
972 2673 1088 2746 curiam
1103 2672 1276 2736 Romanam
1291 2672 1419 2750 Rhodii,

370 2761 380 2792 ‘
395 2769 470 2842 quos
491 2759 653 2841 provinciis
674 2778 770 2840 nuper
785 2757 880 2841 Lycia
900 2772 993 2840 atque
1008 2759 1109 2837 Caria,
1124 2779 1199 2840 quos
1222 2760 1354 2841 premiis
1367 2770 1418 2822 at·

368 2846 453 2928 ‘uque
469 2845 634 2906 honoribus
661 2844 856 2927 amplissimis
878 2846 1040 2908 donastis?
1069 2846 1110 2910 Et
1131 2843 1317 2908 Macedonas
1341 2844 1418 2928 Illy·

346 2955 348 2960 ·
367 2932 513 3013 ‘riosque
535 2933 644 2993 liberos
660 2951 725 2992 esse
750 2930 797 3010 (ut
812 2931 964 3011 audimus)
986 2931 1111 3014 jubetis,
1134 2953 1225 3013 quum
1243 2931 1414 3008 servierint,

367 3018 379 3051 ‘
393 3031 555 3102 antequam
571 3017 728 3078 vobiscum
743 3017 916 3080 bellarent:
944 3018 1014 3095 (nec
1028 3017 1208 3099 cujusquam
1222 3017 1350 3080 formare
1364 3017 1415 3078 in-

367 3105 380 3138 ‘
392 3105 539 3181 videmus,
567 3105 661 3166 immo
687 3105 881 3185 agnoscimus
910 3105 1106 3168 clementiam
1131 3104 1237 3187 populi
1265 3103 1414 3181 Romani)

366 3192 380 3224 ‘
395 3189 544 3269 Rhodios,
559 3192 611 3272 qui
630 3183 706 3252 nihil
721 3191 804 3252 aliud
824 3211 916 3272 quam
930 3192 1108 3271 quieverunt
1122 3192 1182 3254 hoc
1195 3191 1287 3267 bello,
1309 3191 1417 3252 hostes

367 3277 432 3340 ‘ex
447 3279 537 3340 sociis
553 3277 660 3339 facturi
676 3277 769 3339 estis?
795 3277 886 3340 Certe
901 3278 1025 3358 quidem
1047 3301 1100 3340 vos
1115 3280 1187 3339 estis
1203 3277 1346 3353 Romani,
1361 3277 1414 3356 qui

367 3364 464 3426 ‘ideo
492 3364 595 3426 felicia
620 3364 700 3428 belle
724 3375 827 3428 vostra
851 3385 926 3441 esse,
948 3366 1020 3445 quia
1038 3363 1123 3446 justa
1142 3365 1215 3443 sint,
1249 3385 1311 3446 prae
1328 3364 1415 3424 vobis

363 3451 488 3528 ‘fertis
505 3473 562 3513 neo
585 3462 648 3513 tam
664 3451 749 3513 exitu
770 3472 887 3528 comm,
910 3451 1030 3532 “quod
1052 3451 1192 3527 vincatis,
1215 3470 1306 3531 quam
1330 3451 1413 3532 pria-

365 3536 491 3618 ‘eipiis,
507 3537 589 3618 quod
613 3559 674 3600 non
690 3538 754 3599 sine
769 3558 876 3602 caussa
896 3538 1079 3620 suscipiatis,
1097 3537 1280 3618 gloriamini.
1325 3534 1412 3596 Mes·

367 3622 467 3684 lsana
481 3625 513 3684 in
530 3621 636 3686 Sicilia
651 3625 829 3706 obpugnata
851 3621 1136 3705 Karthaginienses,
1149 3623 1280 3686 Athena
1295 3623 1414 3711 obpug-

342 3711 471 3771 '‘natae
493 3722 526 3772 et
539 3709 658 3772 Graecia
677 3711 707 3770 in
728 3712 903 3772 servitutem
926 3712 1035 3792 petita,
1054 3726 1089 3772 et
1110 3708 1235 3790 adjutus
1256 3707 1414 3770 Hmtnibal

364 3798 531 3878 ‘pecunia,
555 3797 686 3874 auxiliis,
711 3795 884 3878 Philippum
908 3797 1028 3860 hostem
1050 3797 1198 3859 fecemnt.
1242 3794 1413 3856 Antiochus

441 3965 452 3999 b
463 3967 614 4016 intercedendo
624 3964 775 4012 inadoratam
785 3964 921 4024 imperatoris
931 3964 980 4011 uine
991 3962 1081 4012 laenate
1091 3961 1254 4024 dmificatioue
1263 3959 1338 4008 Grau.

591 4038 602 4064 ⁰
613 4029 666 4078 edd.
677 4030 811 4077 mutam
821 4029 896 4078 Gran.
911 4027 1094 4091 [deducebamus]
1106 4031 1176 4076 (rte.

395 4177 418 4210 Ν
446 4173 475 4222 Et
492 4177 577 4224 tribuni
596 4177 674 4240 plebis]
701 4176 796 4240 Supple,
818 4192 872 4223 neno
904 4175 1216 4239 timarorsnobisrdJests
1229 4185 1275 4221 est.
1305 4169 1412 4231 Sigonius

363 4239 461 4316 mleque
495 4243 587 4302 exemplo
617 4242 792 4290 adversabantur
819 4241 872 4288 huic
904 4241 1164 4289 volumumus.-
1180 4237 1416 4308 minassetpmprie»

363 4315 480 4415 “wile
500 4371 584 4416 natione
603 4371 787 4434 dissordmtinm]
808 4371 872 4419 Gro·
903 4307 1153 4432 nullae'‘elidoldoeellrentis]
1169 4371 1226 4418 Hoc
1241 4367 1338 4416 debetur
1352 4365 1415 4414 Gro-

364 4434 712 4484 noviusemendararoron'me.
904 4436 981 4486 nmio.
1013 4435 1292 4497 Antraquodvindieatis.

395 4501 416 4537 ⁹⁵
434 4497 499 4547 Dono
512 4497 612 4560 jeronta
633 4502 802 4567 deducebamus]
822 4503 873 4550 Ul-
