3184 5225
522 394 599 453 LlB.
611 392 693 453 XLI.
713 394 795 453 CAP.
808 393 879 451 XII.
1188 400 1223 453 18

171 550 261 631 bant)
288 548 436 627 ludibriis,
459 568 537 610 nave
561 549 680 627 eadem,
702 570 761 631 qua
782 561 916 627 venerat,
930 548 1101 631 Aquileiam
1124 549 1380 617 rediit.tJ.c.575.

173 636 250 699 lude
277 636 401 718 collega
426 636 557 719 scripsit,
584 650 619 699 ut
644 636 774 697 militum
805 657 952 697 nouorum
979 635 1006 697 ci
1038 635 1128 719 parti,
1159 658 1225 719 qua
1238 629 1270 677 Α·
1283 626 1314 677 ⁰·
1329 630 1383 679 ¹⁷⁷·

176 725 292 806 scripta
314 724 345 784 in
369 721 491 784 latriam
507 722 693 804 prouinciam
717 733 808 801 esset,
830 723 974 799 ediceret,
994 722 1164 805 Aquileiam
1190 736 1225 786 ut

177 810 373 871 conveniret:
406 828 445 868 ne
471 808 544 889 quid
570 830 602 869 se
628 808 734 869 Romae
763 821 891 887 teneret,
923 830 982 890 quo
1011 808 1120 886 miuus,
1145 810 1226 871 votis

175 896 370 977 nuncupatis,
386 893 546 976 paludatus
569 895 608 955 ab
625 894 699 955 urbe
722 894 832 956 exiret.
891 892 967 955 llaec
991 894 1114 977 collcgae
1137 896 1226 957 obsc-

178 993 304 1063 queuter
329 980 421 1058 facta,
447 981 603 1062 brevisque
631 980 694 1041 dics
718 979 757 1039 ad
781 980 1023 1042 conveniendum
1048 982 1150 1043 edicta
1172 970 1237 1045 est(

178 1066 326 1129 Claudius
343 1086 437 1149 prope
453 1078 632 1129 consecutus
648 1076 696 1127 est
710 1066 813 1126 literas
829 1086 909 1127 suas.
962 1066 1120 1129 Concioue
1136 1068 1228 1129 adve-

177 1154 266 1216 niens
283 1154 321 1215 de
337 1150 457 1214 Manlio
473 1164 505 1215 et
518 1151 613 1214 Junio
628 1151 744 1228 habita,
761 1172 822 1212 non
848 1152 926 1212 ultra
942 1152 1075 1213 triduum
1090 1165 1228 1215 moratus

177 1240 295 1318 Romae,
310 1239 480 1322 paludatus,
496 1260 565 1301 cum
588 1238 753 1315 lictoribus,
768 1238 906 1318 votisque
929 1238 960 1299 in
976 1236 1130 1320 Capitolio
1148 1260 1228 1300 uun·

177 1327 309 1409 cupatis,
324 1326 356 1387 in
372 1326 569 1409 prouinciam,
590 1329 617 1367 ⁴⁹
630 1344 713 1407 teque
737 1344 773 1385 ac
796 1325 890 1407 prius,
905 1323 1054 1408 praecipiti
1072 1324 1228 1386 celeritate
1269 1370 1275 1381 .

177 1414 254 1475 abit.

220 1498 280 1561 xl.
319 1498 428 1560 Paucis
465 1510 537 1561 ante
581 1495 687 1559 diebus
717 1496 827 1560 Junius
857 1494 1050 1581 Manliusque
1080 1498 1228 1583 oppidum
1239 1516 1374 1567 umam
1406 1484 1409 1489 ¹

182 1588 211 1627 ⁵⁰
226 1584 411 1663 Nesattium,
441 1606 501 1666 quo
529 1605 561 1645 se
595 1583 747 1667 principes
775 1582 921 1644 latrorum
952 1597 985 1646 et
1014 1586 1132 1666 regulus
1163 1582 1352 1669 ipseclsudius

167 1670 296 1755 'AEpulo
323 1682 489 1755 receperat,
516 1691 635 1732 summa
663 1670 691 1732 vi
724 1672 951 1753 obpugnarunt.
1009 1668 1055 1731 Eo
1082 1670 1227 1733 Claudius
1238 1648 1365 1762 {zm

176 1760 297 1820 duabus
320 1758 490 1841 legionibus
512 1758 598 1819 novis
621 1756 772 1835 adductis,
792 1769 895 1818 vetere
918 1758 1052 1819 exercitu
1075 1778 1144 1819 cum
1167 1758 1227 1819 suis

180 1845 308 1906 ducibus
324 1845 460 1923 dimisso,
475 1844 540 1926 ipse
563 1843 710 1927 oppidum
729 1844 934 1922 circumsedit,
950 1857 982 1906 et
997 1845 1093 1905 vineis
1108 1846 1228 1927 obpug-

180 1952 254 1993 nare
269 1931 416 1994 intendit:
448 1950 630 2012 amnemque
646 1930 896 2013 preterfluentem
913 1930 1037 2009 moenia,
1053 1931 1104 2015 qui
1126 1944 1158 1993 et
1179 1932 1228 1992 iu·

180 2018 360 2101 pedimento
383 2017 629 2101 obpugnantibus
649 2029 725 2095 erat,
748 2028 779 2079 et
801 2018 995 2098 aquationem
1011 2016 1097 2078 lstris
1112 2018 1228 2099 praebe-

179 2105 246 2185 bat,
270 2106 432 2167 multorum
457 2104 573 2165 diemm
597 2123 688 2186 opere
712 2115 876 2185 exceptum
899 2123 979 2164 novo
1003 2104 1087 2165 alveo
1110 2105 1229 2165 avertit.

179 2188 227 2252 Ea
242 2214 290 2254 res
304 2192 447 2253 barbaros
470 2189 616 2252 miraculo
639 2190 748 2252 terruit
763 2190 887 2251 abscisae
896 2200 911 2227 ⁸
930 2210 1032 2270 aquas
1061 2199 1093 2250 et
1107 2210 1146 2250 ue
1161 2201 1227 2250 tum
1241 2203 1315 2250 Furor
1324 2204 1389 2267 oppi-

181 2278 307 2358 quidem
329 2268 478 2339 me'mores
499 2276 595 2359 pacis,
620 2276 652 2336 in
677 2276 792 2338 caedem
817 2274 980 2355 conjugum
1002 2295 1039 2335 ac
1065 2275 1229 2337 liberorum
1240 2270 1361 2317 moram.

181 2365 279 2441 uersi3
311 2363 416 2443 etiam,
445 2375 480 2426 ut
507 2362 684 2446 spectaculo
706 2363 845 2423 hostibus
876 2372 938 2421 tam
968 2360 1084 2422 foedum
1111 2361 1229 2423 fucinus

183 2462 277 2525 esset,
292 2451 394 2531 palam
412 2450 442 2511 iu
464 2451 557 2511 muris
573 2449 739 2512 tmcidatos
755 2448 995 2531 praecipitabant.
1040 2446 1123 2509 luter
1137 2448 1228 2510 simul

184 2535 457 2619 complorationem
484 2536 663 2597 feminarum
690 2554 923 2619 puerorumque,
949 2532 1039 2594 simul
1063 2533 1228 2597 nefandam

182 2623 309 2700 caedem,
325 2623 447 2702 milites,
462 2624 638 2706 transgressi
654 2643 784 2701 murum,
800 2623 946 2705 oppidum
961 2621 1122 2682 intrarunt.
1142 2619 1228 2701 cujus

181 2709 265 2792 capti
289 2710 454 2772 tumultum
481 2721 516 2772 ut
541 2731 581 2771 ex
605 2709 715 2792 pavido
742 2710 876 2770 clamore
901 2707 1082 2798 fpgientium
1109 2709 1229 2789 aceepit

183 2817 248 2874 rex,
267 2797 390 2878 trajecit
412 2797 491 2858 lerro
511 2807 628 2878 pectus,
648 2817 686 2858 ne
709 2796 792 2856 viius
817 2805 995 2878 caperetur:
1019 2793 1112 2856 ceteri
1133 2795 1228 2876 capti,

182 2895 236 2945 aut
251 2882 356 2946 occisi.
398 2881 470 2945 Duo
485 2882 596 2944 deinde
619 2882 742 2966 oppida,
759 2879 875 2944 Mutila
894 2892 926 2943 ct
942 2879 1075 2959 Faveria,
1090 2881 1119 2941 vi
1137 2892 1229 2963 capta

182 2981 215 3031 et
238 2969 350 3032 deleta.
410 2967 523 3047 Praeda,
549 2981 583 3030 ut
610 2968 641 3030 iu
666 2981 757 3051 geute
784 2968 880 3051 inopi,
905 2987 959 3050 spe
984 2966 1083 3048 major
1106 2967 1173 3046 fuit,
1196 2979 1229 3029 et

183 3056 283 3117 omnis
303 3055 449 3118 militibus
467 3075 612 3117 concessa
626 3067 685 3118 est.
740 3053 881 3136 Quinque
896 3053 993 3115 millia
1008 3052 1142 3136 capitum
1157 3073 1227 3115 sex-

183 3153 274 3204 centa
288 3143 415 3224 triginta
430 3142 491 3204 duo
510 3141 566 3202 sub
581 3161 695 3203 corona
708 3141 877 3203 venierunt.
897 3152 1036 3203 auctores
1051 3140 1122 3202 belli
1136 3139 1228 3222 virgis

185 3229 267 3307 caesi,
290 3241 321 3290 et
344 3229 439 3291 securi
464 3227 607 3312 percussi.
661 3225 753 3291 Istria
775 3240 844 3291 tota
863 3227 955 3289 trium
975 3227 1155 3311 oppidorum
1174 3247 1228 3288 ex·
1241 3254 1307 3302 mi,
1318 3269 1357 3319 μ,

187 3313 270 3376 cidio
290 3327 321 3376 et
342 3328 439 3378 morte
455 3315 534 3396 regis
550 3326 661 3398 pacata
675 3325 740 3376 eat:
771 3333 937 3394 omnesque
956 3313 1090 3393 undique
1113 3312 1229 3394 populi,
1242 3331 1299 3368 cau.

187 3399 341 3463 obsidibus
363 3402 451 3482 datis,
478 3402 510 3462 in
537 3400 685 3463 ditionem
706 3412 865 3463 venerunt.
924 3396 989 3460 Sub
1014 3396 1113 3460 latrici
1136 3397 1229 3460 linem
1295 3441 1299 3446 -

185 3485 256 3548 belli
272 3488 353 3570 apud
368 3487 402 3549 Li
448 3509 494 3550 res
509 3487 640 3550 concilia
655 3487 693 3548 dc
708 3485 788 3548 bello
804 3485 907 3548 haberi
923 3497 1036 3570 coepta.

225 3572 298 3635 Xll.
327 3573 377 3636 Ti.
392 3509 537 3638 Cgldudius
553 3573 727 3658 proconsul,
742 3574 793 3655 qui
809 3585 919 3656 praetor
934 3574 1035 3656 priore
1058 3593 1139 3634 anno
1162 3573 1229 3635 fue-

184 3669 243 3739 rat,
266 3680 336 3722 cum
360 3662 497 3744 prasidio
520 3661 648 3744 legionis
668 3660 756 3722 unius
774 3659 850 3721 Pisis
872 3671 1008 3742 praeerat.
1031 3657 1116 3738 cujus
1135 3660 1231 3722 literis

181 3757 306 3809 senatus
322 3749 431 3811 certior
446 3749 556 3825 factus,
571 3769 627 3816 eas
638 3746 719 3830 ipsas
734 3748 835 3809 literas
852 3745 892 3806 ad
913 3745 949 3808 C.
964 3744 1128 3806 Claudium
1147 3743 1231 3823 (nam

185 3831 264 3896 alter
280 3835 384 3897 consul
401 3834 467 3916 jam
486 3835 518 3896 in
534 3832 708 3896 Sardiniam
724 3831 899 3915 trajecerat)
918 3830 1096 3894 deserendas
1111 3842 1232 3892 censete

184 3931 217 3981 et
240 3918 347 4001 adjicit
367 3921 540 3998 decretum3
569 3920 737 4002 ‘quoniam
754 3919 844 3982 latria
859 3919 1013 4001 provincia
1027 3916 1169 3981 coniecta
1184 3938 1233 3977 es·

187 4005 270 4085 ‘set,
290 4007 315 4068 si
337 4007 364 4069 ei
385 4007 549 4088 videretur;
562 4008 729 4072 exercitum
744 4007 920 4072 traduceret
933 4007 964 4068 in
980 4002 1128 4086 Ligures:
1185 4001 1233 4065 Si·

570 4184 683 4234 ·aboeiuoe
694 4185 771 4237 Gran.
783 4183 854 4234 Crcr.
918 4233 921 4237 ,

214 4331 367 4396 ”AEqucce
380 4335 455 4400 nius]
481 4333 535 4384 Hoc
546 4333 696 4384 substitutum
729 4331 862 4383 Nesattium.
902 4331 986 4383 cetur.
1002 4331 1018 4380 l.
1037 4343 1067 4384 rt.
1083 4329 1237 4394 Gangem.

181 4407 232 4458 cst,
254 4409 347 4446 auctora
369 4399 506 4460 Florebcllo,
526 4417 566 4464 pro
587 4401 696 4450 meudun
728 4415 748 4448 c.
771 4402 794 4448 9.
816 4399 934 4447 contendit
960 4415 990 4446 ex
1011 4395 1085 4444 Plinio
1111 4409 1136 4446 et
1158 4397 1236 4445 Ptole·

184 4463 380 4513 emendicant
409 4481 451 4513 ure
461 4469 630 4530 aqueanplius.
729 4479 788 4512 maso
804 4479 889 4516 nomen
906 4463 975 4532 hujiu
990 4462 1052 4512 urbis
1066 4462 1137 4514 tuisse
1153 4460 1235 4510 ll'esuc·

219 4527 242 4562 ⁵⁰
253 4476 408 4598 ll'eturtuuul¹
416 4529 521 4598 Plerique
537 4533 593 4584 editi
608 4531 696 4584 tactem
727 4532 791 4581 tuam.
