3184 5225
403 390 462 446 228
498 422 502 431 -
850 378 1066 439 EPITOMAE‘
1088 404 1094 409 ·
1124 430 1128 437 .

411 538 598 603 obtestatum,
619 540 654 589 ut
692 532 765 600 rius,
785 550 873 609 quam
884 540 1020 589 manaret
1032 531 1080 588 ad
1098 531 1257 588 Eumenem
1276 551 1332 602 res,
1356 532 1470 591 Perseo

413 616 574 682 inimicum,
588 629 655 669 exce
677 618 739 667 eret
753 610 791 667 iis
806 609 887 679 locis,
899 630 935 666 ne
948 611 1222 685 interficeretur..eo
1236 629 1266 668 se
1280 614 1467 682 exter-ritum,

416 691 504 753 simul
523 697 689 767 sperantem
710 686 754 746 ul'
775 689 833 747 uod
850 708 870 744 a
889 687 1041 745 Demetrio
1065 687 1222 754 auxilium,
1242 689 1274 745 in
1297 688 1417 764 Syriam
1436 709 1469 747 se

417 768 592 829 contulisse:
607 790 613 801 ·
626 775 717 845 utque
739 766 751 820 i
771 766 789 839 ik
798 766 936 843 primum,
967 767 1035 845 quis
1058 773 1143 836 esset,
1171 767 1275 844 polam
1298 787 1469 845 expromere

416 866 529 907 ausum.

460 1534 624 1603 Thessalia,
651 1552 739 1613 quum
765 1539 794 1589 ct
822 1529 906 1589 illam
926 1529 1071 1598 ,invadere
1098 1528 1190 1586 armis
1210 1537 1301 1607 atque
1322 1550 1393 1589 occu
1436 1552 1468 1589 re

418 1613 690 1691 Pseudophilippus
703 1610 803 1679 vellet,
812 1628 867 1687 per
879 1608 992 1683 lepatos
1006 1608 1200 1666 Romanorum
1210 1607 1334 1667 auxiliis
1344 1611 1390 1667 Ac
1435 1631 1467 1668 o·

416 1710 481 1748 rum
499 1690 620 1766 defenso
634 1696 686 1749 est.
728 1687 857 1746 Prusias
871 1703 923 1742 res
938 1684 1108 1761 Bytlsyniae,
1126 1683 1337 1822 ⁴⁰omniumAque
1359 1688 1469 1746 bumil-

415 1770 550 1827 limorum
572 1769 720 1836 uitiorum,
748 1787 768 1823 α
796 1764 953 1823 Nicomede
966 1764 1049 1840 filio,
1076 1763 1237 1839 adjuvante
1295 1766 1369 1822 ttalo
1397 1786 1470 1843 repe

415 1846 568 1923 Peryami,
581 1848 692 1905 occisus
705 1851 758 1902 est.
801 1841 939 1899 Habebat
951 1841 1161 1918 aliumfilium,
1172 1842 1234 1919 qui,
1245 1855 1301 1919 pro
1315 1846 1468 1921 superiore

414 1925 516 1982 ordine
538 1925 677 1993 dentium,
702 1930 820 1979 enatum
839 1918 974 1979 babuisse
998 1939 1087 1978 unum
1114 1939 1145 1979 os
1171 1922 1318 1978 continens
1338 1923 1464 1981 dicitur.

419 2002 516 2069 Quum
536 2002 647 2077 lepotos
668 2002 709 2059 od
725 2018 828 2078 pacem
844 2000 922 2056 inter
947 1998 1131 2056 Nicomedem
1144 1998 1173 2055 el
1187 1997 1325 2057 Prusiam
1339 1999 1464 2074 socien-

415 2080 484 2137 dam
494 2081 620 2137 Romani
632 2080 787 2147 misissent,
797 2086 827 2134 et
839 2095 914 2134 unus
927 2095 963 2134 en
973 2077 1011 2133 iis
1021 2076 1122 2135 miultis
1133 2076 1319 2135 cicatricibus
1328 2097 1464 2155 sparsum

415 2167 505 2236 caput
520 2156 649 2226 liaberet,
671 2156 749 2214 alter
767 2153 894 2232 pedibus
908 2174 984 2232 oper
998 2162 1081 2223 esset,
1105 2156 1211 2212 tertius
1232 2155 1345 2231 impertio
1366 2175 1464 2215 socors

415 2234 592 2299 baberetur5
613 2236 692 2293 dixit
713 2235 796 2302 Coto,
821 2252 883 2290 eam
906 2234 1078 2310 locationem
1097 2253 1149 2291 nec
1171 2242 1272 2311 caput,
1294 2254 1344 2292 nec
1362 2236 1465 2312 pedes,

414 2333 467 2371 nee
481 2334 531 2372 cor
554 2311 668 2371 babere.
710 2312 747 2368 In
761 2310 861 2388 Syrio,
883 2330 946 2388 qua
965 2330 997 2367 eo
1017 2319 1143 2389 tempore
1161 2312 1182 2355 ⁴¹
1194 2330 1229 2368 en
1244 2314 1336 2391 stirpe
1348 2316 1466 2389 permis

416 2390 533 2463 Persei,
547 2391 626 2467 repis
640 2390 845 2459 Macedonum,
860 2390 971 2447 inertia
991 2391 1182 2469 socordiaque
1202 2390 1326 2449 similem
1348 2391 1468 2449 Prusia

414 2488 512 2545 sepem
536 2468 672 2537 babebat,
685 2468 807 2545 jacente
833 2486 866 2523 eo
888 2468 953 2525 ⁴⁸in
973 2488 1069 2545 panea
1093 2478 1122 2526 ot
1149 2470 1262 2539 lustris,
1294 2470 1467 2527 Ammonius

415 2545 581 2623 repnabats
598 2566 655 2625 per
668 2566 753 2626 quem
766 2554 796 2603 et
810 2546 899 2603 amici
912 2566 1007 2605 omnes
1020 2548 1109 2624 repis,
1126 2557 1156 2604 et
1168 2546 1294 2605 Laodice
1307 2549 1425 2625 rupino,
1436 2557 1468 2607 et

415 2625 594 2700 Antigonus,
620 2625 767 2681 Demetrii
779 2624 882 2700 filias,
904 2627 1002 2684 occisi.
1044 2625 1215 2694 Masinissa,
1237 2624 1387 2682 Numidia
1400 2645 1468 2697 res,

414 2701 509 2776 major
523 2704 684 2778 nonapinto
698 2704 783 2759 annis
798 2703 933 2773 decessit,
947 2705 994 2760 vir
1008 2706 1141 2780 insipnis.
1166 2705 1247 2760 Inter
1260 2711 1357 2760 cetera
1370 2722 1467 2780 opera

406 2779 568 2855 juvenilia,
583 2798 647 2858 qua
660 2780 701 2836 ad
713 2780 850 2837 ultimum
862 2781 968 2851 edidit,
991 2783 1073 2851 odeo,
1096 2782 1184 2840 etiam
1204 2799 1302 2840 versus
1319 2782 1350 2838 in
1364 2801 1466 2840 senec—
1564 2793 1567 2796 ’

413 2865 485 2926 torn,
514 2858 621 2933 viguit,
648 2865 683 2914 ut
705 2865 775 2936 post
801 2866 914 2916 sectum
946 2868 977 2916 et
1009 2862 1210 2937 ootopesimum
1234 2879 1341 2917 annum
1358 2859 1469 2935 filium.

413 2935 559 3011 penuerit.
608 2935 693 2991 Inter
716 2943 774 2994 tres
796 2935 903 2994 liberos
921 2937 993 3012 ejus,
1022 2938 1179 2998 maximum
1199 2944 1273 2994 notu
1295 2937 1469 3016 Micipsam,

418 3013 585 3082 Gulussam,
610 3012 859 3082 Mastanabalem,
887 3016 940 3092 qui
962 3017 1052 3074 etiam
1078 3015 1188 3073 Grecis
1212 3016 1308 3073 literis
1329 3017 1471 3088 eruditus

414 3100 490 3161 erat,
514 3090 552 3147 P.
576 3089 675 3168 Scipio
697 3091 884 3149 AEmilionus.
899 3092 1005 3170 (quum
1024 3112 1169 3153 commune
1182 3094 1225 3152 eis
1242 3101 1331 3170 poter
1344 3113 1469 3170 repnum

412 3168 594 3248 reliquisset,
615 3177 645 3226 et
668 3170 801 3227 diuidere
824 3189 871 3227 eos
893 3170 1007 3229 arbitro
1034 3171 1083 3242 Sci
1105 3172 1168 3228 ione
1183 3171 1342 3247 jussisset)
1359 3180 1467 3250 portes

414 3247 647 3306 administrandi
660 3249 744 3323 repni
757 3248 872 3304 divisit.
913 3248 989 3307 Item
1001 3256 1032 3288 ³³
1043 3192 1190 3308 Piizmaeoe
1203 3249 1375 3319 Himilconi,
1385 3269 1469 3328 pre-

408 3326 496 3401 secto
510 3344 525 3383 e
545 3327 640 3382 uitum
654 3324 959 3402 Kortbayiniensium,
981 3327 1044 3385 viro
1059 3328 1153 3404 forti,
1175 3335 1205 3385 et
1218 3327 1303 3406 cujm
1311 3328 1468 3405 precipua

416 3421 506 3481 opero
550 3405 606 3461 oeni
619 3403 787 3473 utebantur,
805 3405 970 3539 persuasit,
991 3412 1026 3460 ut
1038 3406 1079 3461 od
1092 3406 1238 3463 Romanos
1252 3425 1317 3464 cum
1329 3407 1468 3484 equitatu

417 3499 468 3539 suo
493 3483 644 3540 transiret.
685 3481 734 3539 Es
762 3483 804 3538 tri
823 3501 857 3540 us
881 3482 998 3558 lepatis,
1029 3485 1081 3560 qui
1104 3485 1145 3542 od
1168 3483 1360 3544 Masinissam
1382 3486 1468 3542 missi

448 3693 473 3728 ⁴⁰
497 3692 643 3756 Omniumque
668 3692 840 3740 humillimorum
859 3694 923 3740 uitio·
955 3705 1004 3743 erut
1015 3694 1095 3744 itidem
1106 3707 1132 3743 ut
1144 3695 1283 3745 Alexsnder.
1374 3733 1378 3744 .

417 3759 574 3837 m1dtvir
590 3756 696 3806 omuibus
716 3757 849 3804 humillimis
865 3757 926 3807 vitiis
985 3759 1009 3871 ζ’
1024 3759 1054 3836 ln
1062 3760 1144 3828 ganeo]
1159 3761 1227 3809 Unus
1238 3777 1252 3809 e
1263 3761 1338 3837 MSS.
1351 3760 1465 3808 Gronovii

418 3825 598 3950 “bundium
614 3889 700 3953 gans
710 3885 785 3936 ems
795 3889 854 3952 regu
870 3887 924 3936 oa.
954 3825 1069 3938 {beluli
1081 3827 1466 3955 ffsslsuffuqliofflfuii‘iffi

417 3954 533 4017 oedormm]
548 3952 926 4014 Hicsgiturdessulslllexuudro,
955 3955 1016 4020 opud
1026 3955 1152 4003 Andmm.
1184 3957 1231 4004 Sed
1242 3971 1324 4021 porum
1335 3957 1440 4006 interest.

417 4035 487 4081 quem
497 4034 566 4067 uemo
576 4033 605 4066 ex
615 4017 683 4080 stirpe
695 4016 770 4065 Persei
785 4019 857 4067 fuisse
873 4034 924 4066 me·
986 4019 1009 4053 ⁴³
1025 4018 1132 4067 Pbom
1142 4019 1283 4083 Himilconis]
1301 4020 1408 4081 Sigonius
1418 4021 1467 4083 legi

328 4099 331 4106 ·
417 4083 521 4133 monuit.
547 4081 925 4148 DelriusopudHeumiumlegit
966 4087 1023 4132 ussit
1036 4099 1066 4132 ex
1081 4084 1186 4148 Appiano
1200 4084 1314 4142 Pham,
1324 4101 1394 4147 quum
1409 4086 1466 4133 libri

418 4147 499 4198 ems.
511 4149 577 4224 stirpe
586 4150 672 4224 generis
686 4146 924 4225 poran'blaoodonum
970 4149 1067 4226 uberent
1085 4147 1186 4198 Pisonis.
1225 4151 1272 4198 Sed
1289 4161 1313 4198 et
1330 4164 1364 4226 ⁶¹.
1377 4152 1466 4227 eodem

414 4211 924 4341 ussuumfflu
953 4213 1468 4344 scissemus:

413 4357 468 4402 gem
487 4339 642 4390 Macedonum
658 4340 808 4402 hiclutellige
822 4343 921 4391 Pseudo·
951 4343 1205 4406 tbsgiuieusiumrooot
1216 4345 1255 4393 ille
1269 4346 1368 4411 scriptos
1378 4343 1468 4394 Himil-

413 4406 549 4470 philippum,
565 4406 604 4468 qui
622 4418 672 4454 sum
686 4406 710 4478 iu
721 4407 859 4456 Macedonis
869 4423 921 4468 reg·
951 4425 1033 4469 caum,
1047 4412 1172 4475 cognom
1183 4409 1315 4460 Pbomaeom.

414 4471 494 4538 mbas,
526 4481 551 4520 es
572 4471 653 4521 iuueni
673 4471 809 4536 obscurique
829 4475 921 4534 generis
