3184 5225
466 390 542 451 ura.
556 390 669 453 xuur.
689 392 770 452 cur.
784 388 900 454 xxru.
964 346 969 355 ¹
1141 402 1200 463 ur

156 546 269 609 donum
283 546 435 629 principes
450 566 514 609 nou
528 549 725 631 pugnandum
747 567 819 609 cum
840 547 949 609 infesto
970 560 1107 631 tempore
1121 548 1194 612 anni
1207 556 1240 606 u.
1250 557 1283 612 c.
1292 558 1351 607 tea.

156 643 324 709 censerent,
354 632 444 693 nullis
470 635 644 716 praeparatis
671 634 910 711 commeatibus3
942 654 1033 717 quum
1059 622 1277 717 inopinum·
1292 621 1346 673 ¹⁶⁹·

151 719 236 803 prius
262 718 445 797 obsidentes,
474 740 564 801 quam
595 721 720 796 obsessi,
746 719 859 781 sensuri
886 730 998 797 essent,
1028 720 1052 758 ¹⁸
1063 721 1194 783 maxime

154 804 236 886 quod
252 804 386 868 hostium
412 804 494 867 haud
516 806 623 888 procul
646 804 717 868 inde
739 805 870 866 hiberna
889 815 996 882 erant;
1022 807 1141 867 territum
1163 808 1194 869 in

152 890 351 972 Aperantiam
376 900 477 951 castra
501 891 605 953 movit.
648 890 806 974 Aperantii
833 910 914 968 eum,
943 899 1067 972 propter
1085 890 1196 953 Archi·

154 976 237 1039 clami
262 995 406 1057 magnam
428 976 459 1037 iu
482 997 519 1037 ea
540 990 632 1059 gente
654 977 785 1059 gratiam
812 976 1097 1057 auctoritatemque,
1122 998 1196 1039 con-

153 1082 243 1125 sensu
257 1062 392 1123 omniurn
416 1074 619 1144 acceperuntr
644 1064 669 1124 is
693 1063 757 1145 ipse
783 1082 855 1123 curn
876 1062 1123 1143 octingentorum
1137 1064 1196 1125 mi·

153 1147 241 1209 litum
257 1147 398 1229 presidio
413 1148 461 1209 his
475 1160 523 1209 est
537 1149 723 1230 prepositus.

195 1232 317 1295 XXlll.
341 1238 364 1273 ¹⁹
374 1231 442 1295 Rex
464 1244 558 1295 curnt
584 1234 700 1296 minore
725 1232 892 1305 vexatione
906 1231 1115 1315 jumentorum
1138 1235 1196 1294 ho·

153 1320 340 1403 mitiumque,
363 1340 453 1402 quam
474 1330 609 1397 venerat,
631 1320 662 1381 iu
677 1318 896 1381 Macedoniam
918 1318 1018 1382 rediit.
1061 1318 1196 1401 Appium

152 1418 257 1467 tamen
280 1408 307 1445 ²⁰
319 1406 356 1465 ab
382 1405 544 1466 obsidione
562 1404 707 1468 Phanotis
730 1405 814 1466 fama
840 1405 978 1466 ducentis
1004 1405 1044 1465 ad
1059 1402 1195 1478 Stratum

152 1488 252 1553 Persei
276 1491 436 1553 submovit.
480 1489 598 1567 Cleuas,
630 1511 698 1553 cum
728 1490 866 1573 praesidio
895 1490 1081 1572 inpigrorum
1106 1488 1195 1571 juve-

151 1596 226 1638 num
249 1578 412 1655 insecutus,
434 1577 490 1637 sub
505 1576 765 1660 radicibus‘prope
787 1576 875 1637 inviis
893 1576 1042 1637 montium
1058 1576 1098 1637 ad
1112 1576 1196 1637 mille

153 1662 310 1725 hominum
337 1684 376 1724 cx
402 1663 522 1743 agmine
549 1663 685 1745 inpedito
712 1659 836 1739 occidit,
865 1662 906 1723 ad
931 1662 1079 1723 ducentos
1105 1662 1196 1743 cepit.

152 1747 283 1830 Appius,
311 1748 458 1831 superatis
481 1748 638 1829 angustiis,
661 1749 690 1809 in
714 1768 836 1829 cumpo,
858 1768 948 1828 quem
971 1746 1116 1808 Eteonos
1140 1769 1195 1808 vo-

150 1850 236 1912 cant,
266 1836 377 1896 stativa
407 1833 523 1901 dierum
552 1855 716 1916 paucorum
749 1832 866 1894 hahuit.
890 1900 899 1913 ,Ι
921 1831 1047 1893 Interim
1076 1832 1196 1912 Cleuas,

151 1920 295 1982 adsumto
318 1924 342 1959 ²¹
355 1919 549 1998 Philostrato,
570 1920 621 2001 qui
637 1918 830 2001 Epirotarum
854 1928 977 1999 gentem
999 1912 1141 1996 habebat,
1164 1919 1196 1980 in

148 2026 257 2087 agrurn
272 2006 512 2087 Antigonensem
537 2005 733 2067 transcendit.
778 2002 965 2065 Macedones
989 2004 1030 2065 ad
1058 2004 1195 2086 depopu-

149 2091 297 2154 lationem
324 2091 453 2174 profecti
463 2113 473 2167 3
501 2090 700 2153 Philostratus
723 2110 793 2151 cum
815 2090 941 2151 cohorte
957 2109 1013 2149 sua
1033 2090 1065 2150 in
1081 2089 1197 2149 insidiis

148 2177 220 2238 loco
247 2179 376 2242 obscuro
390 2176 539 2238 consedit.
563 2177 594 2236 iu
609 2176 727 2259 palatos
751 2174 946 2257 populatores
968 2194 1059 2253 quum
1080 2173 1198 2255 erupis·

148 2277 219 2325 sent
234 2264 273 2325 ab
288 2263 462 2345 Antigonea
488 2260 608 2337 armati,
630 2260 781 2341 fugientes
805 2278 868 2321 eos·
882 2270 1096 2341 persequentes
1121 2258 1197 2321 effu-

147 2350 213 2410 sius
244 2349 275 2409 in
306 2350 416 2409 vallem
447 2346 592 2408 insessam
620 2347 659 2408 ab
689 2346 826 2407 hostibus
854 2346 1056 2428 praecipitant.
1085 2345 1128 2405 ihi
1157 2345 1197 2407 ad

144 2434 234 2497 mille
251 2434 371 2511 occisis,
394 2444 518 2494 centurn
533 2431 626 2493 ferme
642 2432 749 2513 captis,
770 2431 881 2510 ubique
894 2450 1038 2511 prospere
1051 2442 1139 2511 gesta
1153 2451 1198 2507 re,

144 2539 247 2605 prope
263 2519 372 2581 stativa
385 2518 480 2601 Appii
495 2527 594 2578 castra
617 2528 748 2593 movent,
770 2536 809 2577 ne
823 2535 885 2595 qua
905 2516 949 2575 vis
972 2515 1060 2576 sociis
1073 2515 1134 2576 suis
1156 2516 1197 2576 ab

142 2606 292 2669 Romano
319 2604 454 2666 exercitu
484 2602 586 2664 inferri
609 2602 714 2684 possit.
767 2596 910 2682 Appius,
929 2598 1132 2683 nequidquam
1162 2600 1193 2662 in

148 2693 198 2754 his
227 2692 303 2754 locis
333 2701 433 2752 terens
460 2699 587 2768 tempus,
617 2687 747 2748 dimissis
773 2685 1002 2766 Chaonumque,
1031 2698 1063 2746 et
1087 2686 1113 2746 si
1142 2687 1195 2769 qui

148 2778 202 2839 alii
226 2777 357 2860 Epirotae
382 2785 479 2851 erant,
502 2772 656 2854 praesidiis,
680 2794 749 2834 cum
765 2771 880 2834 Italicis
904 2772 1049 2832 militibus
1072 2772 1103 2832 iu
1119 2770 1193 2855 Illy-

151 2865 246 2925 ricum
273 2881 435 2944 regressus,
463 2879 517 2940 per
543 2857 754 2920 Parthinorum
776 2858 875 2918 socias
896 2857 985 2919 urbes
1015 2857 1046 2918 in
1068 2857 1198 2919 hiberna

151 2949 297 3011 militibus
312 2947 455 3023 dimissis,
478 2946 543 3027 ipse
558 2942 688 3006 Romam
703 2944 842 3006 sacrificii
858 2962 966 3004 caussa
979 2941 1077 3004 rediit
1122 2941 1197 3004 Per-

153 3055 220 3096 seus
243 3057 282 3096 ex
308 3033 504 3096 Penestarum
533 3042 625 3110 gente
647 3030 730 3090 mille
752 3029 882 3110 pedites,
908 3029 1055 3104 ducentos
1077 3029 1196 3109 equites

153 3131 320 3197 reuocatos,
358 3116 583 3193 Cassandriam,
619 3115 760 3197 praesidio
790 3125 825 3176 ut
854 3125 965 3191 essent,
994 3114 1088 3175 misit.
1144 3113 1195 3174 Ab

100 3241 101 3244 =
152 3203 267 3266 Gentio
290 3203 395 3265 cadem
420 3203 590 3264 adferentes
613 3201 776 3262 redierunt.
802 3220 858 3260 nec
880 3198 991 3260 deinde
1011 3198 1086 3259 alios
1121 3210 1194 3277 tque

153 3291 232 3351 alios
247 3290 392 3350 mittendo
410 3300 527 3352 tentare
551 3307 619 3365 eum
635 3286 764 3361 destitit,
786 3305 879 3364 quum
903 3284 1072 3365 adpareret,
1097 3302 1196 3362 quan-

154 3389 222 3437 tum
249 3375 280 3435 in
302 3395 339 3435 eo
365 3374 490 3456 prresidii
516 3384 617 3448 esset3
644 3391 701 3432 uec
723 3381 826 3430 tamen
848 3369 1009 3448 impetrare
1031 3367 1069 3427 ab
1092 3367 1199 3428 animo

152 3472 269 3544 posset,
296 3463 369 3522 22ιιι
390 3461 544 3545 inpensam
570 3457 601 3520 in
625 3477 688 3518 rem
713 3453 837 3516 maximi
860 3451 1026 3513 adomnia
1046 3453 1193 3518 momenti

152 3548 373 3610 saerecttrr.

355 3716 368 3751 Ι
382 3723 431 3756 eruo
441 3707 459 3758 1.
472 3723 514 3756 non
526 3709 599 3754 Gmn.
610 3703 681 3754 Cres.
809 3701 822 3735 ¹
840 3699 993 3748 Houoand.

184 3853 205 3886 ¹⁸
222 3851 238 3880 ⁸
250 3850 426 3914 Maximequod]
442 3851 479 3898 Eo
497 3850 593 3897 maxime
609 3859 657 3894 ter·
689 3853 756 3904 auget
774 3843 850 3890 mendi
871 3843 1021 3906 suspicionem
1040 3841 1061 3889 iri
1078 3842 1139 3904 quod
1156 3856 1195 3890 se·

152 3918 220 3974 ritus,
236 3917 296 3977 quod
313 3916 413 3963 hmtium
429 3915 490 3963 haud
508 3914 586 3977 procul
605 3913 658 3958 iude
691 3911 784 3970 quitur:
813 3907 959 3955 Philostratus
975 3923 1027 3955 crass
1046 3907 1131 3953 cohorte
1146 3922 1194 3953 ruo.

153 3981 249 4028 hiberos
261 3993 333 4028 erant.
691 3973 730 4018 Aa
751 3973 814 4020 enirn
836 3972 982 4035 Epirotarum
1004 3986 1059 4031 gens
1081 3969 1196 4018 conrnbrri

187 4047 209 4081 ¹⁹
224 4043 271 4093 ilar
288 4063 331 4094 nors
350 4047 432 4092 minore
449 4041 568 4104 mantione]
593 4038 657 4087 Olim
688 4048 777 4100 poterat
795 4038 819 4083 ia
841 4052 910 4082 uuam
933 4036 1073 4084 cohortem?
1107 4035 1195 4096 Legere

153 4127 202 4158 eum
213 4111 302 4158 mirare.
337 4109 474 4158 Emendavit
485 4105 613 4155 Gronovius
628 4119 657 4151 err
689 4115 807 4166 possumus
836 4099 873 4148 hic
903 4099 1045 4160 Epirotarum
1071 4101 1196 4164 tronjugor,

154 4174 437 4222 Freinshemiiscntentia.
688 4166 708 4215 ri
729 4178 793 4213 recte
811 4164 845 4211 illi
865 4164 977 4212 nominati
994 4175 1048 4212 ruat
1066 4181 1087 4212 c.
1104 4179 1194 4230 proce

184 4239 208 4273 ²⁰
224 4241 258 4286 Ab
287 4240 393 4287 obsidione
424 4237 539 4298 Phanotis]
580 4233 658 4282 Scribe
690 4231 761 4279 denti.

155 4301 270 4352 rumas.
303 4299 531 4358 necatorem.
550 4298 658 4348 cuono-
722 4295 744 4330 o
763 4292 794 4341 m
811 4295 927 4354 mam
944 4293 970 4340 a
990 4307 1037 4339 om
1060 4294 1148 4340 maria
1165 4274 1196 4339 ia

156 4379 224 4416 vius.
692 4361 763 4406 munic
785 4358 884 4405 mutuati
903 4355 1003 4417 focem]
1031 4357 1078 4414 Hie
1103 4356 1196 4404 uteris·

187 4433 207 4466 ²¹
226 4429 364 4491 Philostrato,
386 4434 424 4496 qui
447 4429 585 4491 Epirotarum
607 4441 660 4491 gor·
692 4438 745 4472 curn
756 4432 887 4495 apposuerat
898 4419 1010 4482 Sigonius,
1024 4421 1084 4483 quod
1101 4437 1129 4468 ea
1143 4437 1194 4482 ques

156 4503 198 4543 tem
218 4493 320 4562 metor]
340 4497 396 4548 Hoc
417 4498 538 4546 obscurum
560 4504 611 4554 ειη
636 4501 661 4540 et
693 4486 830 4538 deotooico
846 4485 949 4549 Hispano
964 4488 987 4534 in
1004 4486 1104 4550 epitome
1125 4485 1195 4548 hujus
