3184 5225
465 324 542 383 LlB.
562 324 660 385 XLII.
680 322 760 383 cAP.
780 322 911 381 xxxn.
1159 330 1198 381 61

149 480 270 562 equites
284 480 399 542 trecem
418 480 570 563 aqualiter
593 482 625 543 in
650 481 783 563 singulas
810 480 957 562 legiones.
979 490 1011 541 et
1035 479 1068 539 in
1091 476 1197 541 sociali
1211 476 1350 542 lle-⁵8)-

150 568 289 629 exercitu
305 566 421 629 consuli
437 568 522 639 alteri
550 579 657 630 auctus
679 588 842 629 numerus:
865 566 1016 640 sexdecim
1032 561 1129 627 millia
1143 585 1198 647 pe·
1210 542 1281 593 ‘⁴⁰⁰⁴
1294 543 1351 593 ¹⁷¹⁴

150 653 263 731 ditum,
286 654 479 734 octingentos
505 656 623 733 equites
653 653 773 735 (prator
797 675 860 729 eos,
885 673 960 732 quos
984 650 1042 714 Cu.
1067 650 1199 713 Sicinius

151 739 301 816 duxisset,
319 751 480 801 sexcentos
496 739 625 819 equites)
650 740 681 800 in
697 732 914 801 lllscedoniam
929 737 1091 820 trajiceret
1134 735 1199 800 lta·

150 825 200 887 liae
224 825 299 886 satis
325 826 389 885 visa
413 825 574 887 duodecim
591 825 694 891 ,millia
718 823 870 885 sociorum
894 824 1042 905 pediturn,
1064 824 1199 885 sexcenti

154 910 281 991 equites.
326 910 407 973 Illud
432 932 551 992 quoque
575 911 758 992 praecipuum
784 909 889 970 danun
909 911 984 971 sorti
998 908 1201 988 Macedonia,

156 1008 192 1057 ut
207 996 398 1059 centuriones
418 999 588 1079 militesque
604 1007 716 1057 veteres
731 994 887 1071 scriberet,
909 1006 985 1074 quos
998 996 1100 1072 vellet,
1125 1016 1201 1057 con·

155 1082 200 1143 sul
215 1102 312 1163 usque
328 1084 367 1144 sd
383 1084 603 1164 quinquaginta
627 1102 733 1143 annos.
779 1078 814 1142 ln
838 1081 965 1143 tribunis
989 1081 1122 1143 militum
1144 1100 1202 1146 no·
1213 1093 1310 1142 Tribuni

153 1179 256 1230 ratum
273 1190 311 1230 eo
327 1189 407 1231 anno
422 1181 544 1251 propter
558 1166 793 1229 Macedonicum
809 1167 931 1244 bellum,
956 1168 1038 1250 quod
1061 1157 1289 1269 consulesllffln
1299 1155 1367 1209 ⁰⁰⁸⁸·

154 1274 193 1315 ex
209 1256 473 1317 senatusconsulto
488 1254 528 1315 ad
544 1254 689 1336 populum
709 1254 854 1330 tulerunt,
878 1274 918 1316 nc
941 1254 1052 1315 tribuni
1069 1254 1201 1317 militum
1220 1234 1276 1272 ’ω’

154 1354 290 1401 eo'anno
304 1341 455 1422 suffragiis
470 1351 652 1418 crearentur,
674 1340 729 1401 sed
744 1341 902 1403 consulum
925 1350 1145 1422 pratorumque
1170 1342 1201 1402 in

119 1422 121 1427 ’
154 1424 193 1505 iis
208 1426 356 1487 faciendis
368 1426 516 1509 judicium
532 1427 748 1506 arbitriumque
769 1439 858 1489 esset.
903 1423 988 1488 luter
1001 1440 1143 1508 praetores
1158 1427 1203 1489 ita

156 1512 274 1593 partita
295 1512 432 1594 imperia.
458 1526 628 1596 praetorem,
651 1512 735 1593 cujus
762 1534 826 1574 sors
853 1512 968 1590 fuisset,
990 1523 1025 1574 ut
1050 1514 1118 1592 iret,
1141 1534 1202 1595 quo
1216 1520 1344 1597 Ριωξοωω

158 1609 282 1659 senatus
296 1600 472 1678 censuisset,
494 1598 687 1669 Brundisium
715 1599 754 1661 ad
778 1600 906 1660 classem
931 1599 975 1661 ire
990 1599 1124 1680 placuit3
1152 1587 1346 1663 ιιι-ΝΜ·

158 1702 216 1764 que
244 1684 287 1744 ibi
317 1696 549 1767 recognosceret
577 1686 676 1747 socios
702 1684 833 1762 navales,
867 1685 1070 1765 dimissisque,
1100 1687 1126 1747 si
1151 1690 1218 1769 qui-

157 1788 265 1849 parum
288 1771 390 1833 idonei
416 1782 526 1849 essent,
550 1771 794 1854 supplementum
810 1772 926 1853 legeret
940 1792 979 1833 ex
992 1772 1150 1853 libertinis,
1173 1786 1204 1836 et

157 1854 245 1929 daret
266 1876 403 1937 operam,
426 1870 460 1919 ut
485 1858 550 1919 duaa
565 1869 666 1938 partes
681 1858 791 1919 civium
808 1855 1026 1935 Romanorum,
1049 1860 1139 1921 tertia
1152 1882 1204 1924 so-

157 1941 274 2002 ciorum
298 1955 386 2005 esset.
431 1943 629 2007 Commeatus
644 1943 732 2005 classi
751 1944 980 2026 legionibusque
994 1958 1029 2007 ut
1044 1966 1083 2006 ex
1098 1944 1204 2008 Sicilia

157 2022 357 2108 Sardiniaque
384 2031 628 2107 subveherentur,
658 2030 845 2111 praetoribus,
872 2031 924 2112 qui
953 2052 1005 2092 eas
1034 2032 1203 2113 provincias

158 2112 259 2173 sortiti
286 2128 399 2192 essent,
421 2116 560 2178 mandari
586 2116 710 2199 placuit,
732 2127 766 2177 ut
792 2115 902 2177 alteras
926 2117 1068 2177 decumas
1093 2115 1204 2178 Siculis

157 2194 323 2279 Sardisque
350 2202 544 2283 imperarent,
569 2214 661 2283 utque
688 2202 720 2262 id
736 2201 920 2263 frumentum
936 2201 974 2262 ad
989 2203 1157 2264 exercitum
1172 2205 1205 2265 in

158 2279 379 2347 Macedoniam
403 2300 583 2369 portaretur.
629 2286 764 2349 Siciliam
791 2286 828 2348 C.
852 2284 998 2348 Caninius
1013 2285 1136 2349 Rebilus
1161 2300 1207 2350 est

160 2368 298 2449 sortitus,
321 2370 357 2432 L.
382 2372 486 2435 Furius
511 2373 615 2435 Philus
638 2371 824 2451 Sardiniam,
847 2371 882 2434 L.
907 2371 1067 2434 Canuleius
1089 2370 1206 2456 Hispa·

159 2455 259 2532 niam,
283 2453 318 2519 C.
334 2455 479 2541 Sulpicius
493 2458 592 2522 Galba
605 2460 751 2521 urbanam
767 2458 1023 2540 jurisdictionem,
1045 2456 1081 2519 L.
1096 2457 1206 2521 Villius

158 2538 291 2641 Annalis
317 2544 395 2605 inter
418 2546 602 2628 peregrinos.
648 2544 684 2608 C.
709 2544 850 2609 Lucretio
874 2543 974 2623 Gallo,
997 2563 1057 2626 quo
1084 2557 1206 2607 senatus

160 2642 339 2706 censuisset,
354 2652 419 2692 sors
435 2633 542 2713 evenit.
751 2643 753 2648 '

203 2712 339 2778 XXXII.
362 2715 445 2780 Inter
461 2719 597 2781 consules
612 2719 709 2800 magis
722 2718 884 2795 cavillatio,
897 2738 988 2799 quam
1004 2739 1117 2799 magna
1128 2740 1206 2780 con-

162 2801 270 2878 tentio,
282 2802 320 2864 de
330 2804 486 2886 provincia
496 2805 564 2867 fuit.
588 2803 719 2880 Cassius,
734 2803 843 2864 ’‘sine
855 2815 936 2866 sorte
947 2825 979 2864 se
988 2802 1207 2866 Macedoniarn
1307 2807 1310 2812 ’

162 2885 432 2968 ‘obpugnaturum
442 2887 471 2966 ¹‚'
481 2951 484 2960 ,
496 2889 624 2966 dicebat,
640 2890 650 2920 ‘
664 2909 721 2949 nec
737 2908 828 2970 posse
841 2889 1001 2969 collegam,
1021 2890 1105 2950 salvo
1122 2887 1206 2971 jure-

162 2970 327 3052 ‘jurandm
343 2995 447 3035 secum
463 2976 573 3036 sortiri.
617 2977 629 3012 ⁴
646 2972 808 3035 Praetorem
824 2995 903 3051 eum,
920 2995 957 3034 ne
974 2975 1004 3034 in
1020 2975 1208 3056 provinciam

163 3057 257 3134 ‘iret,
280 3061 311 3121 in
327 3061 476 3122 concione
498 3061 625 3142 jurasse,
649 3080 681 3120 se
696 3071 776 3123 stato
791 3059 860 3122 loco
875 3061 1021 3140 statisque
1037 3061 1143 3122 diebus
1157 3082 1206 3122 sa⁴

164 3143 175 3176 ‘
190 3144 302 3206 milicia
316 3145 439 3224 habere,
449 3167 524 3227 quae,
537 3147 661 3208 absente
676 3167 719 3222 se,
729 3155 811 3206 recte
826 3145 889 3206 lieri
900 3166 962 3206 non
974 3156 1118 3227 possent:
1142 3167 1208 3226 quaa
1247 3207 1250 3212 .

164 3228 177 3261 ‘
191 3249 255 3289 non
269 3232 365 3312 magis
379 3232 514 3310 consule,
529 3253 620 3314 quam
635 3244 772 3313 praetore,
799 3231 923 3291 absente
942 3243 1026 3292 recte
1049 3231 1114 3291 fieri
1137 3252 1208 3312 pos·

165 3315 184 3380 ‘,
194 3327 272 3376 sent.
295 3319 306 3356 ⁸
320 3315 351 3377 Si
366 3331 500 3394 senatus,
512 3339 573 3379 non
589 3317 661 3398 quid
676 3315 767 3378 vellet
777 3315 809 3375 in
821 3316 980 3376 consulatu
995 3315 1106 3396 potius,
1118 3335 1208 3397 quarn
1316 3332 1320 3340 ·

164 3400 175 3435 ‘
191 3402 265 3482 quid
280 3403 311 3464 in
326 3415 456 3484 praetura
466 3402 612 3484 juraverit
627 3400 660 3464 P.
671 3401 817 3478 Licinius,
833 3400 1132 3462 animadvertendum
1144 3421 1209 3462 esse

164 3487 324 3566 ‘censeatg
351 3509 383 3550 se
398 3502 502 3550 tamen
517 3489 649 3551 futurum
665 3490 696 3548 in
712 3497 834 3548 senatus
849 3484 1022 3569 potestate’
1068 3485 1209 3568 Consulti

162 3570 279 3651 Patres,
295 3575 344 3635 eui
361 3576 551 3637 consulatum
566 3575 696 3660 populus
710 3571 866 3635 Romanus
882 3593 942 3634 non
958 3584 1109 3653 negasset,
1123 3575 1162 3634 ab
1177 3594 1210 3634 se
1249 3600 1253 3608 ·

164 3660 352 3740 provinciam
378 3663 494 3743 negari,
516 3662 677 3744 superbum
693 3661 761 3722 rati.
784 3659 883 3721 sortiri
898 3658 1035 3720 eonsules
1045 3657 1208 3740 jusserunt
1221 3681 1355 3734 Somnum

1223 3749 1287 3799 Coss.

534 3859 540 3894 ¹
554 3867 681 3922 optaturum
692 3857 760 3906 Cres.
772 3839 845 3906 Docr.

199 3999 670 4063 esturmenttaudmuamopmumm]
706 3999 823 4048 Gronovio
844 3999 976 4063 paniculus
1003 4004 1133 4055 negantem,
1160 4010 1211 4057 quaa

166 4063 420 4116 Mendcssmtretns
435 4067 673 4128 scripturaoppugna·
704 4080 796 4112 sensum
804 4065 929 4127 perturbat.
962 4060 1092 4108 Harenlm
1101 4071 1214 4107 mensest

166 4139 250 4176 tunam.
284 4129 402 4180 Rubenius
419 4130 535 4179 substituit
543 4138 675 4190 optaturum,
705 4129 786 4186 Cassii,
795 4140 823 4176 ut
832 4127 1032 4185 ‹licentiaco-tus
1042 4125 1123 4188 iubeat
1134 4139 1212 4172 secum

165 4193 276 4256 probabili
284 4194 423 4258 conjecturs.
432 4197 513 4256 ltaque
520 4197 674 4243 itlincoutex-
706 4195 781 4242 sortiri
800 4194 921 4248 Licinium,
940 4201 964 4238 et
980 4191 1001 4238 ci
1021 4191 1157 4250 mtiflcsns,
1176 4198 1213 4235 st·

166 4269 216 4306 nrm
226 4259 369 4320 admisimus,
383 4274 409 4310 nt
422 4272 446 4309 et
457 4259 562 4308 Clericus
572 4261 666 4308 lecerat.
707 4259 786 4308 tendat
803 4259 878 4320 potius
895 4257 947 4318 quid
966 4256 1021 4303 velit
1043 4257 1067 4302 in
1084 4254 1214 4308 consulatu,

200 4321 675 4390 *Parammaenpmnaamtffl
708 4339 776 4386 quarn
800 4323 854 4382 quid
875 4322 985 4385 jnraverit
1005 4322 1030 4368 in
1052 4331 1159 4382 pretam,
1180 4333 1215 4371 re,

168 4387 222 4436 Hoc
233 4391 366 4438 memoravit
377 4389 457 4438 Livius
468 4406 543 4453 supra,
551 4403 605 4440 xtr.
618 4391 655 4439 1⁵.
689 4417 690 4420 =
708 4387 811 4452 quamvis
819 4401 898 4449 parurn
910 4388 933 4432 id
951 4401 1042 4447 equum
1051 4383 1094 4430 sibi
1104 4384 1216 4436 videatur,

200 4452 211 4486 ὅ
227 4451 458 4517 Sioeuamsmnqur'd
467 4456 539 4519 cedet]
555 4454 676 4504 Delecum
707 4465 785 4504 tames
794 4453 884 4502 seuwsi
893 4451 1110 4515 obtemperaturum.
