3184 5225
487 362 565 423 LlB.
586 360 668 421 XLI.
690 362 770 421 CAP.
798 360 882 419 XIV.
1180 368 1217 421 15

160 524 218 588 bus
241 521 275 581 in
297 517 390 581 Istria
404 515 628 599 Liguribusque
647 536 789 601 prospere
813 515 906 598 gestis
930 515 1129 593 disseruisset,
1142 537 1216 599 pos-
1228 522 1263 573 U.
1275 521 1305 570 C·
1316 507 1378 574 5'75.

163 607 277 671 tulanti
291 604 465 686 triumphus
480 616 528 666 est
542 606 693 667 decretus.
709 604 909 685 triumphavit
928 604 960 664 ia
981 603 1163 684 magistratu
1179 602 1218 664 de
1229 589 1262 638 Α·
1273 588 1302 638 c·
1315 590 1345 639 ¹⁷
1346 591 1375 638 ⁷·

166 695 284 759 duabus
303 691 392 753 simul
412 690 567 773 gentibus.
611 688 699 753 Tulit
724 690 814 752 ineo
836 689 992 772 triumpho
1017 693 1043 729 ⁶⁶
1057 689 1220 751 denarium

169 791 307 844 trecenta
329 788 449 861 septem
475 777 582 855 millia,
603 791 634 838 et
661 780 687 821 ⁵⁷
697 776 891 837 victoriatum
914 776 1218 856 octogintaquinque

166 866 266 929 millia
286 866 503 949 septingentos
516 863 592 926 duos
604 873 626 924 ².
642 862 791 923 militibus
808 862 840 923 in
856 862 994 943 singulos
1010 863 1036 901 ⁵⁸
1067 862 1131 923 uini
1147 862 1217 923 deni

169 951 282 1015 denarii
309 951 393 1013 dari:
421 949 537 1033 duplex
562 946 742 1025 centurioni,
769 947 882 1029 triplex
905 948 1009 1030 equiti.
1048 883 1154 1010 Sociis
1170 948 1218 1010 di-

170 1038 265 1109 midio
286 1037 397 1114 minus,
419 1057 511 1118 quam
535 1034 661 1112 civibus,
685 1035 804 1095 datum.
832 1033 936 1114 itaque
951 1034 1049 1113 taciti,
1065 1047 1101 1096 ut
1126 1036 1219 1097 iratos

168 1145 234 1191 esse
250 1124 391 1201 sentires,
407 1124 501 1185 secuti
522 1131 593 1183 sunt
607 1141 740 1182 currum.

208 1206 298 1271 XIV.
311 1206 396 1271 Dum
410 1210 436 1270 is
456 1208 625 1291 triumphus
649 1207 687 1268 de
710 1205 871 1289 Liguribus
897 1205 1055 1287 agebatur,
1077 1203 1217 1287 Ligures,
1230 1225 1327 1287 Ligure

167 1310 333 1380 postquam
348 1307 517 1374 senserunt,
531 1315 594 1355 non
609 1293 799 1355 consularem
825 1304 944 1355 tantum
970 1292 1136 1354 exercitum
1152 1292 1216 1355 Ro·
1230 1293 1351 1342 rebamur.

168 1404 253 1445 mam
280 1386 307 1422 ⁶⁹
320 1382 499 1459 abductum,
513 1381 568 1443 sed
582 1380 734 1461 legionem
749 1380 788 1441 ab
802 1377 854 1441 Tr.
869 1378 999 1441 Claudio
1018 1377 1095 1440 Pisis
1110 1379 1217 1441 dimis-

169 1491 247 1547 sam,
262 1469 354 1531 soluti
369 1480 465 1547 metu,
481 1467 561 1529 clam
582 1466 717 1528 exercitu
740 1466 868 1543 indicto,
894 1486 948 1547 per
970 1479 1156 1528 transversos
1178 1467 1216 1527 li-

169 1556 262 1617 mites
276 1554 427 1637 superatis
454 1554 620 1631 montibus,
645 1552 677 1613 in
693 1573 819 1634 campos
836 1552 980 1634 degressi,
994 1573 1102 1634 agrum
1117 1550 1217 1615 Muti·

168 1662 296 1705 nensern
321 1641 472 1723 populati,
499 1640 660 1723 repentino
689 1639 794 1721 inpetu
821 1639 974 1701 coloniam
1000 1638 1098 1721 ipsam
1128 1660 1219 1722 cepe-

170 1739 251 1789 nrnt.
294 1724 331 1788 ld
360 1726 413 1789 ubi
443 1726 575 1789 Romam
605 1724 742 1791 adlatum
765 1736 823 1803 est,
846 1736 967 1787 senatus
998 1724 1035 1787 C.
1057 1724 1220 1788 Claudium

170 1814 327 1879 consulem
358 1813 486 1875 comitia
525 1812 626 1895 primo
664 1832 783 1893 quoque
815 1825 951 1893 tempore
981 1812 1092 1873 habere
1116 1810 1222 1892 jussit,

170 1900 341 1981 creatisque
356 1900 387 1961 in
403 1920 517 1961 annum
532 1898 761 1979 magistratibus
787 1898 819 1959 in
842 1898 1030 1979 provinciam
1057 1899 1167 1977 redire,
1189 1910 1236 1960 et·

68 2050 72 2057 ,
170 1987 324 2049 coloniam
345 2007 384 2047 ex
406 1984 543 2048 hostibus'
569 1984 697 2066 eripere.
741 1982 800 2061 lta,
814 1984 859 2045 uti
874 1984 993 2045 censuit
1017 1998 1150 2063 senatus,
1166 2007 1219 2046 co-
1233 1996 1341 2047 comitis.

170 2072 259 2133 mitia
283 2070 401 2133 habita.
445 2070 593 2134 Consules
619 2071 725 2149 creati,
753 2069 811 2131 Cn.
836 2064 993 2131 Cornelius
1018 2068 1123 2153 Scipio
1144 2070 1220 2132 His-

170 2158 282 2241 pallus,
298 2158 337 2229 Q.
353 2154 490 2221 Petillius
515 2154 673 2239 Spurinus.
720 2154 863 2218 Praetores
886 2156 958 2217 inde
984 2157 1068 2235 facti,
1093 2156 1140 2218 bl.
1161 2156 1222 2219 Po-

170 2244 273 2327 pillius
299 2242 414 2323 lanas,
435 2240 469 2305 P.
485 2241 621 2305 Licinius
644 2241 783 2321 Crassus,
808 2242 854 2304 M.
870 2242 1030 2304 Cornelius
1056 2241 1171 2324 Scipio,
1186 2241 1223 2303 L.

171 2328 310 2414 Papirius
325 2328 428 2408 Maso,
451 2328 498 2393 M.
514 2328 657 2405 Aburius,
684 2324 722 2389 L.
736 2323 889 2409 Aquillius
915 2325 1031 2390 Gallus.
1076 2328 1112 2390 C.
1127 2328 1221 2390 Clau-

172 2416 227 2479 dio
260 2416 377 2479 consuli
406 2428 601 2499 prorogatum
638 2414 669 2475 in
701 2435 816 2475 annum
831 2439 840 2452 .
853 2414 1024 2496 imperium,
1056 2428 1088 2477 et
1121 2413 1225 2477 Gallia

173 2502 352 2585 provincia:
391 2515 433 2579 et,
462 2524 499 2563 ne
529 2500 598 2563 lstri
629 2522 749 2583 quoque
779 2500 873 2579 idem,
912 2501 994 2581 quod
1023 2513 1055 2563 et
1083 2500 1223 2583 Ligures,

172 2588 322 2666 facerent,
336 2589 433 2650 socios
449 2588 580 2651 nominis
596 2584 699 2650 Latini
720 2585 752 2650 in
768 2584 890 2650 istriam
910 2588 1058 2666 mitteret,
1074 2609 1150 2670 quos
1167 2589 1229 2650 tri-·

171 2674 279 2758 runphi
313 2696 419 2738 caussa
445 2676 483 2737 de
516 2675 673 2758 provincia
703 2674 887 2737 deduxisset.
932 2673 990 2737 Cn.
1020 2675 1164 2738 Cornelio
1189 2688 1223 2738 et
1234 2697 1268 2747 U.
1280 2697 1309 2746 c,
1322 2698 1381 2747 576.

173 2758 213 2832 Q.
240 2760 360 2824 Petillio
384 2761 570 2840 consulibus,
594 2783 654 2843 quo
684 2760 733 2822 die
759 2761 975 2842 magistratum
1004 2761 1147 2840 inierunt,
1173 2763 1220 2822 ἰη-
1233 2763 1264 2812 A.
1278 2763 1306 2810 C·
1322 2761 1380 2810 176.

172 2847 359 2910 molantibus
383 2845 455 2910 lovi
482 2847 608 2930 singulis
633 2847 740 2924 bubus,
766 2848 812 2908 uti
832 2847 920 2926 solet,
936 2847 967 2907 in
982 2869 1021 2909 ea
1036 2849 1145 2926 hostia,
1161 2829 1353 2949 quaffggo’cgs

173 2931 213 3003 Q.
228 2921 364 2996 Petillius
379 2934 570 3012 sacrificavit,
586 2932 618 2995 in
629 2931 767 3015 jocinore
793 2945 887 3015 caput
913 2955 974 2995 non
1000 2935 1165 2997 inreritum.
1189 2937 1223 2996 id
1235 2957 1327 3005 Petilio

174 3041 265 3100 quum
292 3021 332 3082 ad
361 3034 501 3083 senatum
538 3020 699 3097 retulisset,
729 3019 806 3081 bove
836 3021 979 3102 perlitare
1003 3019 1116 3102 jussus.
1171 3020 1221 3083 De
1234 3021 1301 3070 00⁵³»

171 3106 335 3187 provinciis
358 3101 472 3169 deinde¹
499 3107 654 3170 consultus
690 3118 812 3168 senatus
845 3105 928 3168 Pisas
948 3119 979 3170 et
1001 3106 1127 3190 Ligures
1150 3130 1219 3192 pro-

172 3193 285 3270 uincias
308 3191 482 3256 consulibus
497 3193 640 3256 decrevit.
684 3191 741 3254 Cui
763 3191 837 3254 Pisae
858 3193 1015 3275 provincia
1038 3196 1222 3272 obvenisset,

174 3297 268 3356 quum
294 3279 527 3361 magistratuum
553 3280 751 3342 creandorum
776 3291 894 3362 ternpus
921 3291 1011 3358 esset,
1036 3281 1077 3342 ad
1096 3281 1224 3343 comitia

174 3364 282 3426 reverti
303 3363 402 3446 jussit.
426 3366 565 3428 additum
590 3367 726 3442 decreto,
757 3377 791 3426 ut
815 3368 842 3404 ⁰⁰
855 3367 940 3427 binas
963 3366 1099 3446 legiones
1128 3388 1228 3429 novas

630 3489 641 3516 ²
651 3483 695 3528 duo
706 3480 776 3528 Creu.

202 3566 225 3601 ⁵⁶
243 3567 368 3618 Denmis'em
394 3580 490 3619 trecenta
521 3579 600 3632 septen
628 3572 681 3618 mil·
713 3570 782 3634 peulo
808 3569 845 3617 lus
856 3571 911 3618 669.
922 3571 996 3620 unciae
1007 3574 1031 3618 4.

171 3631 206 3695 io]
240 3633 333 3682 Merces
355 3637 444 3696 argenti
466 3649 580 3684 noetmee
606 3637 678 3686 4796.
745 3636 767 3669 ⁵⁸
802 3636 900 3683 uinidem'
916 3636 1013 3698 demeris]
1043 3637 1124 3685 Minus
1146 3641 1224 3689 uncie

171 3698 253 3746 uncias
263 3701 287 3748 7.
562 3731 566 3739 -
658 3729 661 3737 ·
714 3701 1004 3762 argentinoetratesbiaae.

185 3763 226 3826 '⁹7
249 3761 393 3812 Victoriarum
440 3773 486 3812 octo
504 3767 550 3813 'eru
587 3768 682 3830 quinque
747 3767 768 3803 ⁵³
778 3766 917 3828 Adductum]
951 3765 1015 3812 Olim
1036 3765 1154 3825 legebatur
1178 3771 1221 3817 erl-

170 3827 244 3874 millie
269 3831 414 3892 septingentos
440 3782 509 3892 uuas
542 3827 588 3883 Qui
621 3848 682 3880 sterne
713 3833 812 3879 ducum.
846 3830 953 3878 Correxit
963 3830 1100 3878 Gronovius.

174 3890 309 3939 Victuriacus
328 3895 464 3956 appelletur,
486 3895 561 3958 inquit
585 3896 682 3952 Plinius,
745 3893 849 3944 ⁶⁰Bmu
875 3896 969 3960 legiones
992 3911 1057 3942 nom
1076 3930 1083 3943 .
1104 3931 1111 3944 .
1129 3909 1151 3945 et
1177 3908 1221 3946 tre·
1304 3919 1307 3926 ·

172 3954 191 4004 l.
212 3968 312 4006 xxxrrr.
330 3972 351 4008 c.
373 3961 397 4008 3.
418 3959 464 4022 lege
477 3959 554 4007 Clodiu
570 3976 684 4022 pecuum
715 3970 787 4008 centos
808 3961 898 4022 emere]
939 3960 984 4009 Vix
1012 3961 1110 4009 dubitari
1137 3975 1223 4026 potest,

175 4027 217 4067 est.
248 4019 319 4068 Antea
330 4026 388 4070 enim
407 4022 443 4070 bie
460 4039 562 4072 nummus
580 4041 606 4072 er
623 4024 682 4088 lily·
716 4027 770 4088 quin
789 4025 828 4074 hie
843 4025 952 4073 ceciderit
970 4025 1063 4088 aliquid.
1094 4028 1221 4093 Expresse.

172 4083 220 4129 rien
244 4085 354 4144 edmerus,
377 4091 454 4137 mercis
481 4090 526 4137 locu
554 4090 682 4138 labebatur.
715 4104 750 4138 rar
761 4106 845 4154 nempe
856 4079 938 4158 ¹,Liuius
954 4107 1068 4154 promere
1081 4108 1132 4150 suo,
1149 4111 1221 4157 qusn-

173 4145 215 4195 ue
237 4159 310 4196 aurem
337 4155 436 4217 ugonius
462 4156 563 4212 victorio,
587 4165 609 4202 et
633 4157 685 4204 inde
705 4161 766 4204 'tum
778 4158 1134 4220 peditum,.qumturaequitum
1150 4162 1221 4220 legio·

171 4228 257 4261 nomen.
291 4212 352 4264 Eum
364 4217 472 4265 Volusius
492 4219 620 4268 Maecisnus
639 4221 683 4267 do·
716 4237 758 4268 nce
777 4238 842 4270 novoe
855 4238 907 4282 qua:
917 4223 1073 4270 scribebantur
1082 4222 1166 4273 habere
1181 4228 1223 4273 de·

170 4289 209 4326 cet
231 4287 324 4328 tauram
351 4283 456 4340 vdubse,
479 4296 591 4347 quantum
620 4285 683 4350 prius
716 4287 807 4334 berent.
840 4285 947 4335 Peditum
965 4304 1075 4336 numerus
1096 4289 1222 4341 intercidit.

173 4343 298 4419 quinarius.
333 4349 475 4411 Siigirured
493 4350 682 4398 homuntionem
715 4352 743 4400 Si
762 4352 784 4398 id
804 4368 927 4413 sequemur
945 4357 1004 4416 quod
1032 4355 1167 4418 plerumque
1186 4358 1224 4406 his

172 4405 295 4457 Virtorrsti
312 4411 562 4474 subsannentur,
577 4415 681 4464 efficien-
715 4417 854 4480 temporibus
877 4418 1012 4468 -sseitatum
1045 4431 1089 4476 ess,
1119 4422 1224 4469 videmur

177 4481 215 4520 terr
238 4475 326 4525 denisii
346 4478 435 4528 lessi.
462 4495 543 4531 merces
570 4492 682 4532 nostmtes
715 4497 794 4543 regere
816 4482 915 4532 debere:
947 4483 1018 4533 Binas
1042 4486 1135 4548 Qmes
1159 4502 1228 4534 mres
