3184 5225
509 376 586 437 LlB.
605 374 702 441 XLII.
731 376 814 439 csP.
833 376 889 437 ΠΙ.
1184 387 1227 448 ³7

169 542 202 595 et
217 529 387 609 silentium,
401 529 493 593 nimis
509 543 561 595 aut
574 533 761 613 modestum,
783 546 837 597 aut
850 532 1003 612 timidum,
1018 530 1218 598 Pressestiao·
1233 544 1266 597 U·
1277 548 1374 603 atta.

168 638 236 681 rum
253 616 320 718 jus,
346 617 432 719 velut
444 619 575 721 probato
590 622 743 721 exemplo,
770 621 996 704 magistrantis
1008 620 1083 683 tecit
1096 620 1218 703 gravio-
1229 613 1262 663 b
1273 610 1305 666 c·
1313 612 1374 669 ²²³·

167 704 830 876 erdtrtl⁸ltttlllliltll¹lt
844 794 876 853 a
890 790 1041 857 seru
1056 806 1089 857 s
1109 790 1352 871 ussum

165 876 296 939 doniam
323 877 408 939 missi
434 889 531 957 erant,
554 880 780 958 renunciatum,
807 878 889 941 ‘sibi
912 880 1114 943 conveniendi
1136 857 1367 973 ragisffffl

169 964 180 997 ‘
195 962 307 1041 Persei,
317 984 411 1044 quum
422 964 474 1027 alii
484 966 589 1027 abesse
599 986 680 1043 eum,
692 966 743 1027 alii
754 986 865 1047 aegrum
876 986 954 1043 esse,
963 967 1215 1050 folsoutrumque,
1226 988 1331 1039 Mna.

167 1048 180 1083 ‘
194 1050 353 1131 lingerent,
368 1062 553 1133 potestatem
567 1072 631 1115 non
646 1052 771 1113 lactant.
804 1051 907 1113 Facile
922 1062 1030 1116 tamen
1040 1054 1216 1136 adparuisse

166 1136 261 1213 ‘sibi,
275 1136 389 1199 bellum
404 1139 514 1220 parari,
535 1158 593 1200 nec
607 1139 688 1201 ultra
702 1139 741 1199 ad
757 1160 843 1200 arms
856 1137 900 1199 ire
914 1138 1090 1203 diluturum.
1135 1140 1215 1205 ltsrn

165 1221 223 1283 ‘in
235 1220 359 1284 AEtolia
371 1224 556 1285 seditionem
578 1224 705 1306 gliscere
720 1225 752 1287 in
768 1224 845 1302 dies,
867 1241 967 1305 aeque
992 1226 1214 1289 discordiarum

165 1307 177 1343 ‘
192 1307 345 1389 principes
360 1310 540 1373 auctoritate
554 1332 610 1373 sua
623 1312 756 1373 coerceri
780 1310 938 1395 potuisse!
982 1311 1083 1383 Quum
1098 1312 1214 1375 bellum

166 1390 405 1456 Macedonicum
420 1396 452 1457 in
467 1397 695 1479 exspectatione
707 1410 799 1474 esset,
813 1399 988 1479 priusquam
999 1398 1031 1461 id
1043 1398 1213 1480 suscipere·

165 1491 230 1555 tur,
244 1479 383 1561 prodigia
397 1482 525 1563 expiari,
551 1487 745 1565 lpaceinque
768 1482 873 1547 Detlm
899 1485 961 1566 peti
976 1485 1212 1567 precationibus,
1224 1500 1329 1564 mmai·

166 1586 236 1647 quat
249 1564 334 1626 edite
349 1586 389 1627 ex
404 1565 547 1629 fatalibus
562 1569 645 1629 libris
660 1583 773 1649 essent,
797 1571 922 1652 plectrit.
966 1569 1093 1633 Lanuvii
1106 1572 1212 1635 classis
1223 1566 1321 1631 ‘siffi-

165 1672 285 1733 maguae
310 1652 427 1733 species
453 1652 484 1713 iu
511 1653 590 1715 codo
604 1655 675 1715 visse
699 1655 880 1717 dicebantur
892 1678 903 1732 3
938 1667 970 1719 et
984 1656 1117 1721 Priverni
1141 1657 1213 1721 larsa

163 1738 249 1821 pulla
259 1749 341 1801 terra
354 1748 463 1799 enata:
487 1750 520 1800 et
531 1738 563 1799 in
574 1734 696 1799 Veienti
711 1741 815 1819 8npud
826 1740 1009 1805 Rementem
1022 1742 1209 1826 lapidatum

164 1822 362 1906 Pomptinum
376 1844 467 1887 omne
482 1825 565 1886 velut
578 1824 708 1887 nubibus
728 1826 912 1889 locustarum
926 1840 1107 1909 coopertum
1121 1851 1209 1908 esse,

163 1910 196 1971 in
213 1908 332 1972 Gallico
348 1930 433 1991 agro,
459 1929 520 1990 qua
535 1910 727 1975 induceretur
743 1922 886 1987 aratrum
912 1914 968 1973 sub
993 1915 1210 1981 exsistentibus

162 1996 261 2078 glebis
285 1997 385 2077 pisces
410 1996 577 2059 emersisse.
620 1995 671 2057 Ob
696 1997 759 2058 bec
784 1996 925 2079 prodigia
950 1997 1018 2059 libri
1040 2001 1147 2063 fatales
1161 2003 1211 2063 in·

162 2083 465 2165 specti,.editurnque
481 2084 519 2143 ab
535 2082 712 2145 decemviris
727 2094 785 2159 cst,
811 2094 844 2144 et
859 2083 966 2164 quibus
982 2081 1062 2160 Diis,
1084 2089 1211 2165 quibus<

365 2253 1211 2319 m.

161 2350 237 2403 rota
251 2300 343 2417 esset,
366 2361 403 2401 ea
417 2274 616 2421 uti'lriiiaqbe
632 2352 744 2403 essent
755 2340 860 2423 itsque
874 2274 1080 2403 sacdliclbotiiro
1094 2352 1153 2419 est,
1176 2350 1211 2405 ut

162 2426 329 2489 decemviri
344 2427 487 2508 scriptum
501 2428 672 2489 ediderunt.

209 2509 268 2573 111.
288 2510 406 2573 Foderu
439 2533 518 2577 anne
549 2513 621 2575 aedis
652 2510 809 2573 eJunonis
840 2509 973 2575 beciniae
992 2511 1126 2575 detecta.
1170 2512 1212 2584 Q.
1360 2562 1363 2567 .

161 2594 286 2661 surdus
310 2596 435 2662 llaecus
460 2621 567 2664 censor
591 2599 685 2662 edem
713 2595 855 2660 Fortunae
875 2596 1042 2680 Fenestris,
1068 2620 1161 2681 quam
1177 2602 1358 2671 inanes«.

161 2683 315 2768 Hispania
345 2698 453 2767 pretor
484 2687 564 2749 bello
589 2685 773 2748 Celtiberico
799 2698 933 2764 voverat,
965 2685 1098 2748 faciebat
1122 2685 1330 2752 eoisotuflaell·

161 2771 272 2850 rtudio,
288 2792 327 2833 ne
342 2772 437 2833 ullum
452 2772 558 2834 Romae
573 2773 702 2854 amplius
716 2781 769 2834 sut
794 2771 1037 2853 magnificentius
1058 2774 1208 2856 ternplum
1219 2750 1317 2813 sumi·

161 2869 252 2922 esset.
296 2856 449 2940 Magnum
475 2869 687 2922 ornamentum
709 2878 742 2919 se
758 2858 873 2940 templo
896 2867 979 2920 ratus
1004 2856 1207 2939 adiecturum,

160 2945 187 3006 si
201 2944 311 3025 tegulas
322 2965 503 3006 marmoree
517 2955 630 3022 essent,
651 2944 807 3026 profectus
821 2945 852 3006 iu
867 2943 1016 3021 Bruttios,
1036 2944 1133 3008 sedem
1145 2945 1205 3008 Ju-
1217 2959 1314 3023 Tagus

159 3032 249 3092 tronis
264 3029 397 3094 lacinias
411 3031 452 3092 ad
465 3045 584 3115 partem
600 3031 757 3094 dimidiam
772 3030 898 3112 detegit.
913 3031 946 3093 id
958 3031 1108 3094 satietate
1122 3044 1205 3096 ratus
1218 3041 1352 3076 morea

161 3116 203 3180 sd
231 3117 409 3198 tegendum,
433 3118 516 3200 quod
547 3117 755 3180 aedificaretur.
799 3115 900 3178 Naves
924 3128 1038 3200 parate
1070 3118 1205 3198 luerunt,
1217 3092 1367 3206 wlff

161 3219 229 3282 qm
253 3203 394 3266 tollerent
419 3217 511 3285 atque
538 3214 737 3286 asportarent,
758 3203 942 3266 auctoritate
956 3203 1094 3269 censoria
1114 3207 1205 3268 sociis
1217 3222 1361 3272 usserm-

162 3285 315 3350 detenitis
329 3290 359 3350 id
374 3289 564 3370 sacrilegium
589 3291 757 3371 prohibere.
801 3287 967 3369 Posupusm
982 3309 1090 3350 censor
1105 3291 1205 3370 rediit,
1216 3296 1257 3335 Ψ·

160 3373 284 3454 regule,
300 3377 440 3457 exposite
453 3376 491 3438 de
506 3375 638 3453 navibus,
654 3374 694 3438 ad
709 3374 857 3456 templum
874 3375 1082 3455 portabantur.
1094 3394 1203 3456 quam-
1235 3406 1238 3416 ·

157 3476 264 3540 quam,
299 3462 378 3524 unde
404 3455 517 3540 essent,
551 3461 706 3538 silebatur,
740 3479 802 3520 uon
836 3472 940 3522 tamen
974 3460 1065 3522 celari
1092 3464 1204 3543 potuit.

157 3543 311 3609 Fremitus
326 3548 417 3628 igitur
432 3549 463 3610 in
478 3548 562 3610 curia
575 3560 660 3610 ortus
674 3558 722 3608 est
736 3568 744 3607 s
772 3565 811 3608 ex
825 3547 966 3608 omuibus
978 3548 1115 3629 partibus
1129 3571 1204 3632 pos·

157 3631 323 3712 tulabatur‚
346 3645 382 3696 ut
396 3635 533 3696 consules
557 3655 624 3695 eam
646 3653 710 3695 rem
726 3631 765 3693 ad
791 3642 929 3693 senatum
955 3632 1110 3694 referrent
1155 3634 1204 3700 Ut

156 3735 229 3782 vero
255 3721 416 3782 arcessitus
439 3721 470 3782 in
496 3720 610 3782 curiam
626 3739 733 3780 censor
746 3719 840 3797 veuit,
865 3718 962 3779 multo
977 3716 1115 3779 infestius
1138 3721 1201 3783 sin-

153 3803 220 3884 fflrli
234 3807 424 3888 universique
437 3816 616 3888 praesentem
631 3805 762 3868 lacerare
774 3827 783 3866 r
819 3803 1007 3886 ‘Templum
1022 3805 1201 3884 augsrstissi·

156 3889 269 3952 ‘mum
286 3893 418 3973 regionis
432 3892 508 3974 ejus,
534 3893 615 3973 quod
630 3913 692 3954 non
719 3890 860 3974 Pyrrhus,
885 3911 949 3952 non
965 3887 1121 3951 Hannibal
1135 3891 1202 3954 vio·

155 3973 310 4056 ‘lassent,
334 3978 445 4040 violare
471 3999 579 4061 parum
603 3978 754 4056 habuisse,
781 3978 839 4039 nisi
866 3977 1032 4040 detexisset
1050 3975 1141 4056 foede,
1165 3999 1202 4042 ac

563 4087 636 4136 ‘eder
647 4086 721 4134 Gran.
733 4087 802 4135 cres.

185 4167 333 4236 'Pueruprr
352 4171 417 4222 detm
435 4177 481 4236 peti
497 4176 666 4236 putationibus,
695 4175 818 4224 urendum.
851 4172 889 4220 Ira
903 4172 1049 4235 morfitrru
1068 4183 1109 4234 ert,
1127 4175 1203 4240 inquit

154 4233 292 4298 qra'sdrrae]
323 4237 386 4288 Hes
404 4240 476 4288 lectio
494 4254 548 4287 rans
559 4251 603 4296 est,
620 4255 664 4288 nec
696 4241 775 4288 Lirim
785 4238 854 4296 infra,
870 4239 1140 4302 utdststrririseriprust
1154 4243 1202 4291 sdi-

153 4300 232 4349 debuit
257 4303 375 4351 sollicitari
401 4320 416 4350 a
443 4303 569 4352 Gronodn.
607 4304 664 4353 Non
696 4307 785 4352 denunt.

153 4366 218 4412 urso
239 4367 303 4414 enirn
316 4368 415 4416 minut
436 4385 468 4417 ex
488 4369 552 4417 libris
569 4370 661 4418 decem·
726 4368 815 4429 supas
826 4365 961 4432 Rama]
989 4368 1084 4417 Nomen
1101 4369 1146 4418 loti
1162 4371 1202 4417 in-

151 4427 204 4486 viti,
225 4431 308 4492 qulbus
331 4433 374 4482 dlis
396 4435 570 4498 supplicandum
593 4446 662 4492 esset,
695 4435 829 4493 cognitum:
853 4445 898 4495 pro
912 4447 959 4495 quo
973 4435 1100 4498 suq'mtur
1113 4435 1203 4486 cluva-

151 4492 193 4542 ned
204 4505 227 4543 et
238 4511 284 4560 quo
294 4497 351 4559 ritu,
363 4513 408 4562 qua
417 4501 492 4549 lorms
503 4501 663 4565 precstionum
695 4499 742 4548 rius
754 4497 801 4563 legi
811 4511 878 4562 poste
890 4495 1021 4548 Crateron.
