3184 5225
400 331 458 386 rso
746 334 750 342 ⁴
822 320 908 383 unu
926 300 1027 383 mvn

238 482 311 534 uc.
322 481 380 534 ⁵⁸³·
403 480 414 514 ‘
429 500 506 559 esse,
520 478 593 562 quid
608 478 665 539 sibi
680 477 853 540 laciendum
875 479 925 541 sit.
947 477 1030 547 Quid
1043 475 1159 539 Rhodii
1171 477 1262 541 visuri
1279 478 1352 557 sint,
1369 480 1456 563 ipsos

238 546 380 599 A·⁰·¹⁶⁹·
404 568 516 629 ‘seire
564 564 713 647 Populum
740 575 822 626 certe
851 564 1037 643 Romanurn,
1067 563 1189 628 devicto
1220 564 1342 644 Perseo,
1371 568 1454 648 quod

405 655 416 687 ‘
431 673 526 736 prope
541 651 623 711 diem
645 661 767 732 sperent
781 650 858 730 lore,
880 652 1021 729 visurum,
1037 662 1072 712 ut
1095 671 1150 732 pro
1166 652 1283 714 meritis
1306 650 1453 734 cujusque

405 740 416 773 ‘
432 740 463 799 in
479 759 516 798 eo
531 737 612 798 bello
627 736 758 798 civitatis
772 739 905 818 gratiam
921 738 1044 820 dignam
1060 735 1192 799 referat?
1216 736 1331 800 Munus
1348 750 1452 801 tamen

406 823 515 905 legatis
530 822 561 882 in
586 822 720 903 singulos
734 823 842 884 binum
866 824 996 885 millium
1010 822 1075 887 aeris
1092 823 1216 885 missum
1232 835 1298 887 est:
1332 825 1414 908 quod
1431 826 1452 885 ii

404 930 467 972 uon
482 921 677 991 acceperunt.
914 924 917 931 ’

448 992 535 1056 XVI.
557 994 666 1057 Literae
695 996 806 1059 deinde
836 997 968 1059 recitatae
998 996 1045 1069 Q,
1068 995 1179 1059 Marcii
1209 998 1339 1059 consulis
1369 1008 1454 1075 sunt,

316 1136 322 1147 .
405 1082 417 1115 ‘
431 1080 708 1161 Quemadmodum,
724 1084 803 1144 saltu
818 1095 970 1165 superato,
990 1083 1023 1144 in
1038 1081 1256 1145 Macedoniarn
1271 1083 1450 1145 transisset:

405 1168 418 1203 ‘
431 1168 508 1229 ⁸⁸ibi
522 1178 572 1229 et⁸
587 1189 626 1230 ex
641 1162 708 1229 aliis
723 1169 798 1230 locis
814 1172 1035 1231 8⁹commeatus
1051 1192 1071 1231 a
1085 1181 1212 1253 praetore
1226 1182 1400 1252 prospectus
1416 1170 1452 1230 in

405 1255 417 1288 ‘
433 1254 563 1316 hiemem
579 1255 701 1332 habere,
717 1267 748 1317 et
764 1256 803 1316 ab
818 1252 951 1337 Epirotis
971 1259 997 1295 ⁹⁰
1008 1256 1114 1337 viginti
1132 1255 1229 1318 millia
1243 1256 1377 1317 modillm
1392 1256 1451 1316 tri-

405 1340 417 1374 ‘
432 1340 496 1417 tici,
511 1340 619 1401 decern
645 1341 752 1403 bordei
760 1342 927 1410 sumsisse:
951 1352 986 1402 ut
1005 1346 1094 1425 ⁹¹pro
1108 1340 1172 1403 e0¹¹
1189 1342 1339 1403 frumento
1354 1345 1381 1380 ⁰²
1395 1362 1451 1422 pe·

406 1426 520 1487 ‘cunia
535 1426 641 1488 llomae
656 1427 765 1509 legatis
781 1448 886 1489 eorum
901 1438 1065 1489 curaretur.
1094 1426 1288 1491 Vestimenta
1303 1427 1450 1489 militibus

407 1512 419 1546 ‘
435 1513 474 1573 ab
489 1511 600 1574 Roma·
611 1514 761 1576 mittenda
776 1534 861 1575 esse:
893 1514 978 1594 equis
1003 1514 1141 1576 ducentis
1157 1513 1252 1575 ferme
1273 1535 1350 1596 opus
1373 1534 1450 1590 esse,

407 1598 418 1632 ‘
433 1599 565 1662 maome
580 1596 743 1661 Numidis:
767 1620 823 1661 nec
838 1600 895 1660 sibi
912 1600 943 1661 in
958 1600 1006 1661 his
1021 1600 1096 1661 locis
1117 1600 1210 1661 ullam
1226 1601 1347 1681 copiam
1363 1598 1452 1661 esse?

408 1680 722 1763 senatusconsultum,
743 1698 778 1748 ut
805 1707 842 1747 ea
867 1687 970 1747 omnia
994 1708 1038 1751 ex,
1059 1685 1155 1765 literis
1177 1687 1309 1747 consulis
1333 1686 1451 1763 fierent,

407 1771 522 1833 lactum
537 1782 593 1833 est.
637 1772 673 1834 C.
690 1771 841 1853 Sulpicius
858 1784 967 1853 praetor
981 1793 1035 1834 sex
1050 1772 1145 1833 rnillia
1159 1784 1308 1854 togcmm,
1323 1772 1451 1853 triginta

407 1859 590 1935 tunicarum,
605 1869 637 1920 et
654 1880 747 1938 equos
763 1858 953 1940 deportanda
975 1859 1005 1919 in
1022 1854 1250 1937 Macedoniam,
1271 1858 1452 1941 praebenda-

407 1964 466 2025 que
482 1945 625 2009 arbitratu
637 1944 769 2006 consulis
780 1944 903 2023 locavit,
915 1956 948 2006 et
962 1945 1070 2026 legatis
1082 1944 1277 2028 Epirotarum
1289 1946 1452 2028 pecuniam

241 2047 346 2099 meant
408 2050 464 2111 pro
480 2030 631 2092 frumento
646 2031 756 2108 solvit3
782 2042 814 2091 et
828 2030 1019 2108 Onesimum,
1035 2030 1180 2114 Pythonis
1195 2031 1301 2109 lilium,
1316 2031 1451 2093 nobilem

237 2112 379 2193 RQ
407 2114 623 2193 Macedonem,
652 2117 684 2177 iu
714 2128 853 2179 senatum
883 2117 1089 2181 introduxit.¹
1119 2115 1149 2179 ls
1180 2122 1207 2159 ⁹³
1218 2120 1301 2201 pacis
1330 2138 1450 2199 semper

238 2192 340 2240 Μ’·
406 2210 512 2263 auctor
527 2203 590 2283 regi
603 2202 710 2278 fuerat,
722 2214 949 2285 monueratque,
962 2205 1041 2266 sicut
1055 2216 1142 2285 pater
1154 2203 1219 2286 ejus
1232 2204 1384 2291 Plp'lippus
1399 2204 1450 2264 in-

407 2288 546 2354 stitutum
572 2290 721 2369 usquead
741 2290 880 2351 ultimum
900 2290 968 2351 vitae
992 2290 1072 2353 diem
1097 2292 1246 2369 servabat,
1273 2294 1299 2331 ⁹⁴
1312 2289 1450 2371 quotidie

405 2373 453 2434 bis
480 2373 511 2434 in
535 2374 584 2435 die
608 2374 730 2436 ioederis
757 2376 809 2437 icti
837 2398 906 2438 cum
931 2376 1077 2439 Romanis
1093 2377 1289 2459 perlegendi3
1320 2387 1356 2438 ut
1380 2396 1450 2437 eum

405 2480 534 2537 morem,
549 2460 575 2520 si
599 2480 662 2521 non
676 2481 806 2544 semper,
821 2464 926 2525 crebro
948 2474 1052 2524 tamen
1072 2475 1240 2546 usurparet.
1287 2462 1451 2544 Postquam

406 2545 556 2607 deterrere
572 2566 642 2630 eum
658 2568 677 2607 a
688 2548 768 2609 bello
783 2548 909 2631 nequiit,
924 2550 1023 2632 primo
1037 2550 1212 2613 subtrahere
1224 2570 1289 2612 sese
1305 2571 1358 2633 per
1373 2549 1448 2609 alias

406 2643 498 2712 atque
524 2632 599 2693 alias
626 2654 758 2712 caussas,
784 2655 825 2696 ne
852 2636 1010 2698 interesset
1035 2636 1083 2715 iis,
1110 2657 1176 2718 quae
1203 2657 1264 2698 non
1291 2637 1450 2719 probabat,

406 2717 517 2798 coepit:
541 2731 706 2800 postremo,
727 2741 819 2801 quum
835 2733 1009 2804 suspectum
1025 2743 1057 2784 se
1078 2744 1144 2784 esse
1160 2735 1307 2800 cerneret,
1323 2734 1356 2784 et
1377 2742 1449 2804 pro·

406 2802 531 2865 ditionis
558 2805 709 2867 interdum
732 2807 858 2868 crimine
880 2808 1057 2886 insimulari,
1080 2809 1120 2870 ad
1140 2809 1295 2871 Romanos
1318 2807 1450 2869 transfu-

406 2889 471 2971 git:
494 2910 606 2972 magno
630 2893 695 2953 usui
720 2893 837 2954 consuli
868 2892 935 2955 luit.
979 2888 1026 2955 Ea
1055 2894 1243 2957 introductus
1269 2894 1302 2959 in
1331 2895 1448 2954 curiam

406 2994 499 3055 quum
516 2989 722 3057 memorasset,
749 2991 872 3040 senatus
899 2980 929 3041 in
955 2979 1116 3042 formulam
1140 2981 1288 3044 sociorum
1303 2999 1373 3040 eum
1398 2999 1449 3040 re-

406 3061 476 3122 ferri
488 3060 598 3143 jussit:
634 3063 745 3141 locum,
761 3065 857 3127 lautis
871 3066 1017 3149 praeberi:
1040 3067 1106 3150 agri
1120 3065 1290 3144 Tarentini,
1301 3065 1352 3146 qui
1368 3065 1449 3148 pub·

405 3145 481 3209 licus
507 3149 612 3231 populi
643 3149 776 3212 Romani
799 3164 888 3230 esset,
919 3153 1053 3214 ducenta
1076 3153 1187 3235 jugera
1210 3152 1286 3230 deri,
1312 3164 1345 3212 et
1370 3151 1449 3212 aedes

404 3230 530 3296 Tarenti
555 3237 632 3296 emi:
651 3237 713 3298 uti
740 3257 777 3299 ea
800 3249 929 3320 curaret,
952 3237 989 3299 C,
1011 3237 1153 3300 Decimio
1175 3238 1296 3322 praetori
1321 3236 1448 3300 manda·

406 3331 482 3382 turn.
526 3319 674 3383 Censores
699 3343 824 3384 censum
840 3322 942 3386 Idibus
958 3324 1188 3403 Decembribus,
1211 3325 1341 3386 severius
1357 3343 1448 3405 quarn

406 3417 488 3485 ante,
503 3405 695 3471 habueruirt:
718 3409 822 3471 multis
840 3411 909 3494 equi
932 3411 1057 3491 adenrti,
1073 3411 1152 3474 inter
1175 3431 1251 3493 quos
1274 3409 1308 3474 P.
1323 3409 1449 3488 Rutilio,

632 3523 675 3565 ter
687 3518 747 3566 ilict
758 3516 833 3566 Gron.
1052 3513 1156 3568 hrodel.
1168 3519 1224 3567 End.

438 3606 462 3642 ὕ
477 3604 577 3655 lbieter
587 3606 709 3668 atnloeb]
728 3605 835 3668 Vulgoet
851 3609 911 3659 ilict
943 3609 1103 3658 vetustioribus
1121 3610 1190 3658 editis
1201 3626 1281 3659 rocem
1298 3625 1329 3666 eo.
1344 3625 1395 3672 qu·
1410 3623 1450 3656 re-

404 3687 431 3720 se
440 3672 502 3727 eliis.
521 3684 601 3720 tantm
618 3673 699 3736 prime
713 3673 818 3721 editionis
836 3674 912 3732 tidem,
943 3675 1010 3736 spicit
1021 3677 1154 3723 triricumet
1166 3677 1278 3723 hordeum
1290 3687 1415 3723 memorata
1426 3674 1449 3721 in

404 3747 465 3786 teste
476 3735 589 3785 Hermio.
943 3741 972 3788 iis
983 3756 1034 3800 quae
1045 3741 1145 3804 proxime
1154 3741 1295 3804 praecedunt.

437 3802 460 3838 θ
487 3801 622 3849 Commtru
641 3817 656 3847 a
673 3807 767 3861 pretore
784 3804 911 3868 prospectos]
975 3803 998 3840 li
1014 3805 1113 3853 Pecunia
1217 3800 1347 3867 cirron-etur]
1369 3801 1449 3850 Solve·

404 3865 460 3914 Hoc
470 3866 568 3914 debetur
577 3866 676 3926 Sigonio.
709 3865 775 3912 Prius
783 3877 912 3915 corrnuutus
942 3881 1015 3918 retur.
1048 3869 1134 3918 Curare
1149 3871 1273 3928 marotiam,
1290 3885 1370 3916 eierare
1386 3883 1450 3913 umn-

404 3931 559 3990 merrtem
574 3940 698 3992 propraetor.
740 3929 868 3990 Nimirum,
885 3945 911 3980 ιιι
943 3949 994 3990 mos,
1008 3949 1069 3998 rupe
1087 3934 1184 3983 occurrit
1198 3929 1223 3981 in
1237 3933 1336 3994 epistolis
1355 3931 1450 3980 Cicero-

404 3993 467 4040 idsnr
477 3995 588 4050 obremr,
597 4007 689 4058 raepeet
700 3995 766 4042 facile
774 3995 860 4043 librarii
869 3997 911 4045 de·
943 3999 992 4046 nis:
1019 3999 1101 4062 putul.
1114 4013 1141 4047 rr.
1158 3997 1316 4049 adoran.
1332 4011 1370 4058 cp.
1391 3996 1451 4045 Η.

405 4057 465 4166 coppi
472 4060 561 4168 {mida
571 4058 608 4107 bis
618 4060 719 4170 vptp'ibur,
730 4059 830 4172 Enim
841 4059 911 4137 nr,
944 4075 993 4162 sipi
1002 4064 1029 4110 nd
1041 4064 1095 4140 Art.
1105 4079 1142 4126 ep.
1152 4067 1176 4113 3.
1189 4074 1213 4110 et
1224 4061 1276 4110 dibi
1285 4061 1437 4170 rapinam

405 4130 502 4234 grator..
537 4124 615 4185 qm
661 4140 746 4181 manu,
832 4123 911 4181 uum,
940 4187 994 4238 olim
1011 4123 1392 4256 ld‘deddatsddpr‘ezidmdmreedddrit
1409 4139 1450 4236 Si}

435 4250 460 4285 ⁸0
478 4249 563 4312 Vrginti
587 4253 659 4300 niun
683 4251 790 4317 madidas]
818 4253 911 4302 Medios
941 4255 1029 4316 genius.

404 4313 546 4376 hrbieuses
562 4315 613 4379 plur
629 4317 715 4368 15416.
743 4315 823 4367 Deum
834 4320 911 4377 millia,
972 4320 994 4355 i*
1012 4317 1116 4373 Quotidie
1133 4321 1164 4370 tis
1180 4324 1204 4371 in
1219 4319 1266 4386 die]
1285 4317 1333 4368 vu
1354 4319 1451 4383 puellule

404 4376 475 4428 77⁰8.
941 4384 1150 4445 treantelirdir.

434 4445 456 4481 ⁹¹
473 4441 520 4492 Pro
538 4459 562 4492 co
573 4442 702 4508 frumento]
725 4446 860 4497 Addidimur
879 4463 909 4498 err
