3184 5225
532 376 610 435 aaa.
625 375 820 445 xuthon.
844 378 909 437 xv.
1186 393 1230 453 ⁴⁷
1272 355 1278 359 ’

221 532 312 600 XIV.
336 532 411 596 Haec
438 530 536 594 oratio
560 533 656 595 movit
682 532 786 597 Patres
810 534 1009 617 conscriptos.
1033 546 1168 605 ceterum
1194 539 1228 602 in
1240 548 1381 608 uttam.

180 623 343 708 praeseutia
357 617 444 696 nihil,
459 628 657 700 praeterquam
674 619 765 680 fuisse
780 620 813 681 in
827 622 911 683 curia
925 642 1038 705 regem,
1050 624 1128 685 scire
1144 624 1224 706 quis·
1240 616 1312 729 3⁰·
1324 617 1381 670 ¹⁷²·

181 731 277 794 quam
298 704 419 791 potuit:
453 725 491 765 eo
515 705 637 766 silentio
662 704 765 766 clausa
789 707 875 767 curia
897 720 973 769 erat.
997 709 1077 770 bello
1096 710 1228 791 denique
1241 682 1387 797 ,io'ffln'

181 796 330 879 perfecto,
352 810 476 873 quaque
503 789 586 853 dicta
613 791 651 853 ab
680 810 762 871 rege,
791 809 915 874 quoeque
944 814 1089 876 respousa
1116 809 1314 876 esseutm

167 900 371 946 ¹emanavere.
414 876 513 939 Persei
538 876 652 938 deinde
670 876 748 957 regis
763 876 873 957 legatis
889 889 960 959 post
972 900 1086 961 paucos
1101 882 1166 945 dies
1181 904 1229 945 se·
1242 876 1323 955 ¹:⁸¹⁸
1333 878 1392 930 ¹¹⁰²·

183 978 274 1031 natus
289 966 379 1027 datus
394 974 452 1025 est.
497 960 659 1043 Ceterum,
670 963 887 1045 praeoccupatis
905 985 968 1026 non
985 967 1107 1029 auribus
1121 970 1230 1050 magis,
1241 956 1284 993 ’ὓ

154 1054 160 1065 “
185 1073 276 1135 quam
291 1049 413 1128 animis,
425 1050 464 1110 ab
478 1047 614 1111 Eumene
630 1069 711 1130 rege,
726 1049 826 1111 omnis
840 1060 872 1111 et
886 1049 1022 1113 defensio
1035 1064 1068 1115 et
1082 1054 1230 1137 depreca-

180 1140 226 1202 tio
241 1137 413 1219 legatorum
436 1135 652 1217 respuebatur:
687 1146 719 1196 et
732 1136 922 1217 exasperavit
936 1137 1055 1200 animos
1079 1141 1106 1177 ⁴⁸
1118 1140 1237 1205 ferocia·

181 1224 276 1288 animi
294 1220 435 1303 Harpali,
451 1222 501 1302 qui
517 1221 659 1303 princeps
672 1220 833 1302 legationis
853 1234 929 1285 erat
973 1222 1013 1301 Is,
1036 1222 1137 1287 ‘velle
1161 1228 1230 1308 qui-

177 1312 189 1345 ‘
204 1310 275 1373 dem
291 1320 324 1370 et
338 1306 496 1384 laborare,'
509 1307 587 1369 dixit
603 1307 613 1339 ‘
622 1326 735 1387 regem,
747 1319 782 1369 ut
796 1309 947 1391 purganti,
969 1330 1003 1371 se
1025 1310 1101 1390 nihil
1117 1311 1231 1373 hostile

179 1396 320 1459 ‘dixisse
331 1405 390 1457 ‘aut
403 1394 522 1470 iecisse,
546 1393 621 1455 fides
645 1394 811 1455 habeatur:
837 1405 981 1473 ceterum,
1003 1395 1029 1457 si
1044 1398 1230 1479 pervicacius

181 1484 193 1518 ‘
209 1500 344 1543 caumam
357 1479 430 1541 belli
441 1479 531 1561 quaeri
543 1478 656 1558 videat,
665 1479 738 1569 sorti
752 1480 856 1542 animo
870 1480 1062 1544 defensurum
1074 1504 1117 1545 se.
1141 1480 1229 1546 Mar-

183 1570 274 1631 ‘tem
288 1586 481 1629 communem
496 1586 574 1643 esse,
588 1576 619 1627 et
634 1578 774 1629 eventum
786 1566 934 1629 incernam
949 1568 1045 1630 belli.'
1079 1568 1229 1631 Omnibus

185 1640 363 1717 civitatibus'
374 1650 498 1715 Graecia
517 1665 609 1733 atque
628 1650 709 1713 Asiae
730 1672 809 1714 curae
822 1664 898 1731 erat,
920 1654 995 1735 quid
1010 1653 1109 1716 Persei
1124 1655 1230 1737 legati,

183 1740 260 1823 quid
283 1738 435 1801 Eumenes
455 1738 488 1799 in
512 1750 620 1801 senatu
634 1738 767 1821 egisset:
790 1750 824 1801 et
836 1751 962 1822 propter
976 1741 1138 1810 advenhnn
1152 1740 1229 1823 ejus,

182 1846 274 1907 quem
289 1836 442 1887 motumm
457 1824 572 1906 aliquid
587 1824 739 1901 rebantur,
753 1826 899 1888 miserant
913 1827 1062 1908 plerasque
1077 1827 1229 1906 civitates,

181 1912 245 1973 alia
263 1912 296 1973 iu
310 1911 444 1993 specicm
461 1911 663 1993 preferentes,
679 1910 806 1992 legatos.
820 1914 847 1951 ⁴⁹
860 1924 894 1974 et
907 1912 1023 1994 legatio
1038 1912 1229 1976 Rhodiorum

181 2009 258 2074 erut,
274 2018 310 2058 ac
333 1995 459 2079 Satyrus
482 1997 634 2079 princeps,
660 1997 742 2059 haud
757 1997 878 2075 dubius,
899 1999 974 2079 quin
987 1997 1142 2061 Eumenes
1155 1999 1229 2061 civi·

178 2092 278 2146 tatem
293 2100 414 2162 quoque
429 2100 515 2143 auam
531 2081 630 2145 Persei
646 2082 822 2143 criminibus
831 2081 996 2163 junxisset.
1022 2082 1130 2165 ltaque
1143 2085 1230 2145 omni

181 2168 275 2231 modo
298 2188 353 2249 per
372 2179 518 2249 patronos
532 2165 728 2246 hospitesque
743 2166 935 2249 disceptandi
951 2188 1021 2229 cum
1043 2187 1114 2247 rege
1128 2168 1230 2231 locum
1279 2211 1283 2217 ·
1382 2194 1390 2213 ¹

180 2254 214 2316 in
228 2265 337 2315 senatu
363 2250 525 2332 quaerebat.
571 2249 662 2320 Quod
686 2271 779 2331 quum
803 2252 993 2332 contigisset,
1018 2252 1158 2316 libertate
1180 2255 1229 2316 in·
1243 2268 1397 2323 abditam

181 2337 405 2421 temperantius
420 2336 553 2399 invectas
567 2336 599 2399 in
614 2354 727 2418 regern,
742 2336 825 2419 quod
841 2335 1003 2420 Lyciorum
1025 2350 1150 2419 gentem
1173 2335 1374 2402 τιὰ-Μω-
1433 2372 1446 2393 ι

183 2418 287 2486 verim
301 2422 448 2485 Rhodios
473 2422 669 2500 concitasset,
702 2423 879 2504 graviorque
906 2422 988 2485 Asis:
1015 2436 1105 2503 esset,
1138 2445 1229 2505 quam
1241 2400 1381 2517 &aaa

182 2508 359 2573 Antiochus
384 2508 511 2585 fuisset:
546 2508 724 2591 popularem
749 2508 872 2590 quidem
896 2529 932 2572 ac
960 2520 1081 2591 gratam
1109 2512 1230 2594 populis

180 2595 263 2660 r‘laiae
290 2594 375 2676 (nam
398 2615 436 2658 eo
460 2615 580 2677 quoque
595 2594 663 2677 jam
686 2594 770 2658 favor
785 2593 887 2658 Persei
900 2596 1036 2677 venerat)
1060 2598 1230 2663 orationem

172 2683 309 2746 habuit:
332 2692 468 2744 ceterum
482 2681 608 2744 inrisam
622 2682 752 2760 senatui,
762 2681 963 2765 inutilemque
977 2683 1035 2746 sibi
1057 2695 1090 2746 et
1111 2685 1229 2748 civitati

170 2789 253 2832 auae.
296 2767 427 2830 Eumeni
442 2788 515 2830 vero
530 2767 717 2850 conspiratio
732 2768 875 2832 aduersus
889 2789 971 2848 eum,
993 2769 1128 2832 favorem
1146 2772 1229 2853 apud

181 2853 340 2918 Romanos
355 2854 441 2920 fecit.
456 2853 501 2916 ita
514 2875 621 2916 omnes
636 2855 663 2916 ei
689 2854 820 2918 honores
842 2855 952 2932 habiti,
976 2856 1118 2937 donaque
1136 2877 1228 2938 quam

181 2940 799 3107 naara
827 2963 865 3002 ¹¹²

179 3112 255 3174 imia
273 3111 429 3174 celeritate
447 3094 579 3195 poterat,
594 3047 744 3196 regreislls
761 3115 793 3176 in
809 3075 1039 3194 Macedoniam,
1045 3049 1230 3204 hunciasset

183 3198 259 3278 regi,
273 3196 409 3258 nondum
424 3197 547 3278 quidem
564 3211 706 3281 parantes
720 3201 835 3262 bellum
847 3201 1002 3282 reliquisse
1013 3222 1047 3262 ae
1060 3201 1230 3280 Romanos,

182 3283 239 3344 sed
256 3283 302 3344 ita
322 3282 457 3361 infestos,
480 3295 516 3345 ut
537 3283 627 3348 facile
641 3287 812 3368 adpareret,
833 3308 896 3347 non
910 3288 1077 3362 dilaturos:
1101 3297 1133 3347 et
1151 3287 1229 3368 ipse,

181 3379 383 3451 preterquam
394 3368 476 3451 qaod
486 3380 520 3432 et
535 3371 578 3434 ita
592 3371 739 3432 credebat
753 3371 898 3446 sutanum,
906 3367 973 3449 jam
988 3370 1083 3432 etiam
1096 3371 1230 3451 volebat,

180 3457 208 3496 ⁸¹
221 3455 254 3516 in
269 3453 343 3516 flore
358 3453 463 3518 virium
478 3475 512 3518 se
538 3457 664 3518 credens
688 3473 763 3516 esse.
806 3451 936 3516 Eumeni
959 3466 1031 3518 ante
1052 3477 1158 3519 omnes
1180 3459 1227 3520 in·
1241 3475 1370 3528 tatum·

177 3540 274 3604 lesura
304 3550 391 3605 erat:
428 3562 448 3603 a
469 3539 555 3622 cujus
578 3541 725 3623 sanguine
752 3539 874 3602 ordiens
901 3540 1024 3620 bellum,
1053 3541 1227 3609 Euandrum
1239 3557 1395 3623 sempera!-

176 3624 370 3703 Cretensem,
394 3627 503 3689 ducem
524 3626 715 3706 auxiliorum,
737 3639 770 3690 et
784 3624 974 3689 Macedonas
990 3639 1063 3706 tres,
1084 3617 1389 3724 adsuetosji’mnulla

174 3711 353 3774 ministeriis
368 3711 475 3774 talium
491 3712 672 3792 facinorum,
694 3713 860 3776 adcedam
875 3713 954 3796 regis
968 3714 1133 3776 subornat:
1157 3716 1228 3780 lite·
1259 3687 1345 3726 ω’

176 3817 288 3880 rusque
303 3797 349 3860 eia
364 3796 474 3873 datad
494 3796 592 3862 Praxo
615 3799 780 3886 hospitam,
802 3799 970 3887 principem
995 3801 1175 3863 auctoritate
1196 3815 1229 3865 et

216 4037 239 4074 ⁴⁸
258 4034 347 4086 Ferrea
361 4041 432 4088 animi
448 4037 556 4104 Harpali]
575 4037 638 4086 Beue
654 4035 689 4084 vi·
754 4035 774 4070 ⁵¹
799 4033 829 4086 la
839 4037 900 4100 flora
920 4037 1002 4085 siriam
1022 4049 1045 4084 at
1064 4034 1152 4084 ment
1171 4031 1226 4103 m]

179 4099 251 4150 detur
265 4104 360 4152 inversis
371 4103 454 4153 lineri:
464 4105 587 4154 emendare
598 4099 690 4152 Grouo·
721 4099 824 4152 credens
836 4103 878 4151 sibi
889 4103 956 4159 vires,
970 4101 993 4149 id
1004 4112 1049 4158 est,
1064 4100 1146 4162 copisa
1159 4113 1229 4162 appa·

177 4166 243 4214 rius:
271 4170 421 4218 noeioairnia
432 4169 537 4232 Harpali.
721 4179 791 4225 maus,
850 4169 955 4216 somnia
974 4167 1074 4229 denique
1091 4165 1119 4212 ad
1138 4163 1228 4212 bellum

210 4231 233 4268 ⁴³
297 4233 378 4298 legatio
393 4231 530 4284 Mamm
540 4231 599 4294 emt]
625 4231 688 4282 Gro-
720 4233 810 4282 lortiter
829 4229 1228 4297 eliciterquegereudumrdjumen·

178 4296 260 4346 norim
302 4309 353 4346 urat
374 4299 482 4348 excidisse
509 4299 601 4364 aliquid,
624 4297 689 4364 quate
721 4309 754 4359 ta,
774 4313 823 4346 esre
842 4297 866 4344 iu
885 4297 934 4362 ipro
954 4298 1020 4355 flore,
1036 4297 1061 4344 iu
1081 4295 1130 4360 ipso
1146 4291 1228 4368 integri

179 4357 255 4410 toret:
287 4365 559 4430 :ermengario
721 4363 909 4423 roboriarigore:
931 4379 958 4414 ac
972 4362 1066 4428 proinde
1082 4360 1111 4411 iu
1125 4362 1175 4426 jam
1193 4368 1229 4408 ut:

212 4425 235 4500 *ξ
252 4425 343 4480 Quanta
360 4429 450 4494 uana]
470 4431 536 4500 Legi:
552 4429 614 4486 iden
625 4431 689 4482 Gro-
721 4439 811 4494 tempu:
821 4441 878 4478 aare.

179 4499 267 4552 wau,
281 4502 364 4556 prorue
375 4497 476 4546 murima.
