3184 5225
239 253 247 298 l

400 346 458 403 lss
822 344 906 403 'rm
919 342 1032 403 =1.1v11

233 506 304 558 uc.
316 510 373 562 583.
402 500 460 562 iter
474 500 506 561 in
520 501 626 562 urbem
642 498 829 583 patefacere.
844 498 946 561 fallere
961 510 1062 561 autem
1078 498 1122 561 ita
1136 516 1169 559 se
1184 516 1282 580 posse,
1294 496 1330 572 si,
1342 514 1447 557 muros

201 618 210 631 ·
234 570 303 623 Η·
316 576 369 627 ¹⁶⁹·
402 598 521 670 aparte
537 586 597 647 alia
612 585 701 646 scalis
718 584 853 662 adortus,
876 584 1007 647 tumultu
1029 583 1154 667 injecto,
1178 586 1206 624 ⁸⁹
1219 584 1249 644 in
1263 582 1450 645 custodiam

400 671 465 753 ejus
480 672 540 734 loci
555 682 795 754 propugnatores
810 671 893 732 urbis
916 672 1083 733 avertisset.
1127 669 1223 731 Erant
1248 670 1279 730 in
1306 668 1449 752 praesidio

399 756 604 834 Cassandreae,
619 768 726 840 prater
740 777 803 817 uon
827 756 1081 819 contemnendam
1100 755 1293 839 juventutem
1314 754 1447 837 oppida·

398 863 519 919 norum,
550 843 719 925 octingenti
747 843 908 925 Agrianes,
934 846 961 890 ²⁰
977 857 1009 906 et
1040 844 1100 905 duo
1128 842 1224 904 millia
1248 840 1446 903 Penestarum

398 926 579 1012 lllyriorum,
601 932 625 974 ⁷¹
642 950 662 990 a
687 928 829 991 Pleurato
855 930 927 993 iude
954 930 1047 1009 missi,
1081 929 1255 990 bellicosum
1282 940 1447 1010 utrumque

397 1034 503 1095 genus.
540 1013 598 1076 His
612 1016 766 1091 tuentibus
781 1036 894 1094 muros,
910 1035 1001 1097 quum
1018 1015 1117 1077 subire
1133 1014 1265 1076 Romani
1281 1034 1400 1075 summa
1414 1012 1444 1073 vi

396 1101 574 1178 niterentur,
596 1113 752 1163 momento
765 1102 914 1184 temporis
929 1101 1058 1184 parietes
1073 1101 1222 1163 fornicum
1242 1099 1366 1182 perfossi
1388 1118 1443 1159 ur·

395 1187 465 1247 bem
481 1187 699 1268 patefecerunt.
716 1190 744 1234 ⁷¹
756 1188 837 1269 quod
853 1188 889 1265 si,
914 1188 965 1268 qui
992 1188 1142 1271 inrupere,
1169 1186 1276 1248 armati
1302 1186 1442 1263 fuissent,

394 1274 551 1355 extemplo
566 1273 727 1356 cepissent.
771 1271 841 1335 Hoc
857 1274 907 1335 ubi
924 1274 1092 1357 perfectum
1107 1294 1173 1336 esse
1194 1292 1272 1355 opus
1295 1272 1443 1333 militibus

392 1359 569 1420 nunciatum
585 1368 640 1437 est,
657 1359 821 1421 clamorem
837 1360 952 1422 alacres
966 1360 1078 1443 gaudio
1093 1371 1220 1443 repente
1235 1359 1357 1435 tollunt,
1372 1357 1442 1419 aliis

391 1456 478 1528 parte
495 1445 554 1505 alia
569 1445 600 1505 in
615 1446 720 1507 urbem
736 1446 909 1529 inrupturis.

434 1528 507 1592 Xll.
531 1529 644 1592 Hostes
665 1532 795 1615 primum
825 1532 988 1596 admiratio
1014 1533 1108 1616 cepit,
1131 1532 1276 1615 quidnam
1306 1531 1365 1593 sibi
1392 1552 1440 1591 re-

392 1616 536 1698 pentinus
564 1616 680 1679 clamor
702 1618 805 1682 vellet.
839 1630 1001 1701 postquam
1027 1631 1133 1702 patere
1159 1620 1264 1680 urbem
1290 1638 1439 1701 accepere

390 1702 525 1785 praefecti
551 1702 680 1785 praesidii
707 1703 806 1789 Pytho
832 1717 864 1766 et
890 1704 1056 1788 Philippus,
1077 1708 1104 1752 ⁷³
1120 1726 1176 1787 pro
1197 1725 1245 1781 eo,
1268 1706 1319 1785 qui
1344 1723 1438 1765 occu·

390 1800 495 1870 passet
521 1790 657 1871 adgredi,
688 1811 765 1873 opus
792 1791 907 1853 factum
934 1812 1000 1852 esse
1026 1793 1095 1868 rati,
1118 1812 1185 1851 curn
1214 1791 1316 1851 valida
1345 1806 1440 1851 manu

390 1873 560 1955 Agrianum
587 1874 817 1960 lllyriorumque
843 1889 1026 1959 erumpunt:
1061 1877 1287 1957 Romanosque,
1309 1876 1359 1959 qui
1386 1875 1438 1936 alii

376 1958 513 2023 'aliunde
529 1961 653 2024 coibant
667 1964 983 2045 convocabanturque,
1006 1976 1041 2026 ut
1056 1964 1143 2045 signa
1158 1963 1189 2024 iu
1213 1963 1319 2023 urbem
1342 1960 1438 2022 infer·

391 2057 471 2124 rent,
493 2047 712 2130 incompositos
735 2063 826 2131 atque
850 2049 1039 2113 inordinatos
1062 2049 1180 2129 fugant,
1202 2057 1437 2131 persequuntur·

390 2150 450 2211 que
464 2132 504 2193 ad
526 2132 660 2194 fossam:
695 2134 727 2195 in
753 2155 845 2215 quam
870 2136 1042 2215 compulsos
1068 2136 1156 2195 ruina
1178 2135 1342 2196 cumulant.
1366 2154 1439 2196 sex-

389 2218 470 2278 centi
486 2217 580 2279 ferme
595 2219 636 2279 ibi
652 2219 815 2296 interfecti,
838 2240 1001 2300 omnesque
1017 2240 1122 2302 prope,
1144 2220 1194 2301 qui
1219 2220 1298 2282 iuter
1318 2240 1437 2281 murum

389 2301 562 2384 fossamque
600 2303 780 2387 deprehensi
818 2316 916 2383 eraut,
951 2305 1156 2368 vulnerantur.
1210 2304 1259 2367 Ita
1291 2326 1347 2367 suo
1372 2307 1440 2387 ipse

389 2399 502 2450 conatu
530 2390 685 2471 perculsus
714 2401 836 2472 prator,
869 2392 990 2473 segnior
1021 2392 1060 2453 ad
1093 2391 1154 2454 alia
1183 2391 1281 2454 factus
1311 2392 1440 2455 consilia

355 2506 359 2513 ·
389 2484 473 2535 erat:
505 2485 537 2535 et
561 2496 600 2537 ne
625 2473 754 2538 Eumeni
782 2476 918 2557 quidem,
940 2477 1029 2539 simul
1057 2499 1075 2538 a
1105 2478 1191 2556 mari,
1213 2479 1302 2541 simul
1325 2491 1438 2541 aterra
1525 2534 1534 2546 .

391 2558 593 2640 adgredienti,
627 2560 793 2642 quidquam
826 2563 899 2625 satis
937 2564 1133 2648 procedebat.
1194 2562 1310 2628 Placuit
1344 2566 1438 2648 igitur

389 2646 521 2726 utrique,
536 2646 683 2708 custodiis
698 2647 836 2727 firmatis,
858 2671 897 2711 ne
922 2651 1004 2732 quod
1027 2650 1198 2734 presidium
1222 2672 1261 2713 ex
1285 2650 1437 2714 Macedo·

389 2731 442 2792 nia
468 2731 627 2794 intromitti
661 2745 775 2816 posset,
803 2736 947 2816 quoniam
975 2738 1017 2799 vis
1051 2749 1158 2820 aperta
1182 2759 1244 2800 non
1271 2739 1436 2820 processis-

391 2825 450 2893 set,
473 2819 614 2899 operibus
639 2821 754 2881 muenia
778 2821 964 2904 obpugnare.
1009 2822 1085 2886 Haec
1109 2825 1283 2906 parantibus
1299 2825 1356 2900 his,
1380 2824 1438 2885 de-

390 2922 458 2963 cem
488 2904 561 2984 regii
591 2905 695 2982 lembi,
724 2907 763 2968 ab
787 2905 1007 2978 Thessalonica
1029 2931 1099 2972 cum
1127 2910 1249 2972 delectis
1276 2907 1436 2971 Gallorum

390 2987 585 3051 auxiliaribus
601 2991 695 3069 missi,
717 3013 809 3076 quum
825 2994 856 3056 in
872 2995 937 3056 salo
952 3008 1068 3059 stantes
1089 2998 1221 3059 hostium
1243 3015 1333 3058 naves
1358 3016 1435 3058 cou-

390 3074 581 3157 spexisseut3
616 3077 684 3159 ipsi,
700 3080 829 3141 obscura
846 3091 947 3160 nocte,
970 3083 1098 3165 simplici
1120 3083 1236 3161 ordine,
1257 3103 1348 3163 quam
1363 3093 1437 3164 pot·

391 3172 479 3222 erant
493 3163 630 3242 proxime
645 3163 717 3226 litus
732 3177 883 3245 tenentes,
906 3167 1055 3230 intrarunt
1083 3171 1200 3233 urbem.
1245 3166 1343 3250 Hujus
1366 3168 1437 3230 novi

391 3246 520 3328 praesidii
546 3248 629 3310 fama
654 3250 799 3315 absistere
830 3254 1058 3336 obpugnatione
1086 3255 1175 3318 simul
1205 3255 1362 3318 Romanos
1389 3276 1437 3316 re·

369 3344 522 3413 '‘gemque
555 3335 666 3418 coegit.
702 3338 894 3402 circumvecti
930 3342 1181 3423 promontorium,
1216 3341 1255 3402 ad
1290 3339 1437 3402 Toronen

384 3417 520 3486 ,classem
543 3420 736 3503 adpuleruut.
790 3423 869 3488 Eam
898 3446 1019 3508 quoque
1044 3427 1219 3509 obpugnare
1249 3427 1358 3506 adorti,
1385 3427 1436 3487 ubi

423 3602 447 3640 θ
463 3604 493 3653 fn
502 3609 620 3657 euodius
634 3611 682 3672 q'ur
692 3611 745 3675 locs]
760 3610 840 3665 Quem
851 3628 899 3661 scr·
932 3615 1030 3662 irienses
1048 3615 1071 3664 id
1089 3616 1166 3666 facere
1180 3615 1277 3666 fuissent
1294 3616 1352 3675 ausi,
1369 3625 1435 3664 tanto

392 3668 565 3720 llsedoriretur.
929 3679 983 3727 vite
1000 3681 1108 3744 periculo.
1141 3683 1208 3744 Legit
1224 3697 1278 3745 ergo
1297 3682 1437 3738 Perizonius,

425 3736 450 3772 ⁷⁰
476 3735 507 3784 Et
526 3739 571 3786 duo
590 3740 661 3788 millia
682 3741 835 3802 Penestarum]
862 3742 900 3792 Sic
928 3746 986 3806 quod
1006 3747 1034 3802 si,
1052 3749 1091 3808 qni
1108 3747 1264 3808 hrunpmr,
1280 3749 1361 3794 armati
1371 3746 1436 3810 suie-

393 3799 456 3848 dedit
470 3801 584 3866 Sigoniru,
592 3819 663 3867 quum
673 3806 786 3854 inveniret
810 3807 839 3853 M
848 3809 899 3854 mil·
928 3817 989 3855 seut:
1005 3809 1049 3859 hoc
1060 3825 1139 3870 sensu,
1150 3813 1169 3858 si
1188 3823 1270 3874 praesto
1284 3812 1381 3858 fuissent
1398 3825 1436 3858 ar·

393 3865 438 3912 lie:
465 3869 525 3916 unde
547 3869 586 3916 ille
607 3868 683 3918 effecit
702 3869 766 3919 Mur.
787 3872 836 3919 eive
855 3873 900 3918 duo
930 3875 1042 3936 matl,qui
1054 3877 1205 3940 irrumperent
1215 3877 1239 3924 in
1250 3878 1340 3924 urbem.
1360 3876 1435 3923 Nobis

393 3930 471 3976 millia
501 3932 592 3981 Tamen
609 3932 799 3985 lenirem.
816 3935 900 3984 dieitur
929 3939 1065 4000 probabilius
1075 3943 1163 3989 viderur
1177 3943 1236 4003 quod
1255 3942 1364 4006 Dujetlur
1381 3955 1436 4002 sug·

394 3989 486 4067 Perseus
501 4010 527 4042 ea
545 3997 688 4046 Paraetonius
702 4009 768 4064 gente
783 4002 844 4047 mille
860 4016 900 4062 pe·
930 4003 996 4063 gerit,
1010 4007 1048 4066 qni
1063 4007 1182 4071 pepidere,
1198 4007 1234 4054 rel
1251 4010 1290 4069 qni
1307 4021 1436 4070 perrupere,

393 4056 574 4132 dung-ducentos
593 4067 689 4125 equites.
701 4100 707 4112 .
720 4098 726 4112 .
739 4065 901 4122 Couundrr'urm
929 4082 1013 4132 nempe
1026 4073 1146 4134 parietem.

389 4121 701 4182 Pmfflflfmsmltiw.
958 4133 980 4171 ⁷³
1000 4132 1045 4182 Pro
1062 4134 1097 4197 eo]
1118 4138 1195 4185 Antea
1212 4135 1301 4184 Prusa·
1318 4135 1437 4184 Emenda-

424 4181 446 4218 ⁷¹
463 4184 484 4230 Δ
503 4183 609 4236 Pleurato
623 4193 676 4240 inde
688 4193 758 4258 miser]
772 4194 818 4244 Pro
833 4198 896 4256 inde,
927 4197 960 4245 vit
980 4199 1156 4258 Freinshemius,
1175 4201 1322 4266 adstipulante
1342 4199 1437 4248 Gruuo·

393 4247 454 4309 quod
469 4251 550 4326 procul
568 4254 636 4303 dubio
653 4258 759 4306 vitiosum
779 4275 824 4318 est,
847 4261 898 4324 lege
929 4262 973 4310 rio.
1006 4261 1059 4312 Reti
1077 4283 1134 4332 opus
1148 4267 1237 4316 fectrnu
1253 4283 1267 4313 ι
1284 4263 1394 4313 Romanis
1413 4267 1436 4314 ei

392 4309 429 4358 ”¹
439 4313 527 4371 &Mes
536 4316 573 4363 rel
585 4335 638 4368 curn
649 4321 765 4372 Gronovio
774 4328 854 4374 men.
929 4327 986 4375 utile
1003 4328 1117 4392 totumne,
1135 4333 1176 4396 qui
1190 4332 1276 4398 primus
1286 4331 1377 4394 aggredi
1387 4345 1438 4386 um·

424 4375 448 4412 ⁷²
465 4374 529 4430 Qud
546 4382 574 4437 θ’»
590 4387 628 4443 ⁹⁸5
643 4387 754 4449 imum]
780 4391 847 4438 Nulli
866 4391 898 4438 ir·
929 4403 1035 4444 tumeret.

392 4454 484 4508 rupere,
502 4454 629 4497 utcoustst
646 4463 677 4501 ex
695 4467 716 4504 c.
732 4467 781 4519 req.
814 4455 899 4523 Neque
