3184 5225
374 326 435 385 232
622 323 625 329 '
732 351 737 361 ·
775 354 778 359 -
807 311 1004 375 EPITOMAE

381 472 434 532 sul>
446 472 542 548 furca
555 472 608 529 diu
621 470 714 545 virqis
727 486 818 527 casus
830 476 884 539 est,
905 475 935 525 et
947 466 1083 526 sestertio
1094 486 1209 525 nummo
1222 466 1324 524 veniit.
1359 466 1432 525 Tri·

383 551 455 609 luni
471 548 579 629 plebis,
591 548 663 627 quia
681 566 738 605 non
756 548 960 624 impetrarent,
981 552 1016 602 ut
1028 545 1086 604 sili
1098 546 1197 625 denos,
1215 564 1289 624 quos
1307 544 1427 615 uellent,

383 630 494 687 milites
516 626 641 685 eximere
661 622 775 694 liceret,
798 624 929 683 eonsules
953 625 984 680 in
1006 642 1152 682 carcerem
1174 622 1246 681 duci
1260 624 1428 699 jusserunt.

384 706 493 765 lunius
516 705 630 763 Brutus
653 702 754 761 consul
774 703 806 759 in
826 701 977 779 Hispania
988 702 1037 770 iis,
1070 701 1170 761 uisub
1191 702 1326 762 Viriatho
1348 703 1429 761 mili-

386 790 631 857 tos-erant,aqros
644 787 674 837 et
690 782 830 858 oppidum
851 782 945 851 dedit,
963 782 1042 858 quod
1083 780 1197 839 olentia
1217 790 1352 839 uocatum
1372 790 1429 839 est.

383 862 423 918 M
423 858 592 940 ..Popillius
602 880 621 916 a
633 858 834 928 Numantinis,
844 856 865 892 ⁵³
875 878 940 918 cum
951 858 1057 936 quibus
1067 859 1297 937 pocemsactom
1308 867 1431 919 senasio

322 950 325 960 ¹
383 938 582 1015 irritamficri
594 944 757 1007 censuerat,
768 957 833 994 cum
846 938 975 996 exercitu
987 936 1081 1012 fusus
1093 938 1281 1015 suyotusque
1291 945 1346 996 est.
1392 936 1427 994 C.

382 1016 514 1075 Hostilio
536 1014 674 1074 Mancino
692 1014 808 1074 consule
825 1016 1023 1093 sacrificante,
1064 1015 1121 1073 ulli
1137 1034 1173 1095 en
1189 1034 1276 1073 cavea
1290 1016 1427 1075 molave-

382 1104 462 1152 rnnt.
474 1095 676 1153 conscendenti
688 1093 792 1152 deinde
805 1095 912 1162 navim,
931 1102 964 1152 ut
983 1095 1014 1149 iu
1033 1036 1206 1183 llispaniom
1220 1094 1426 1170 proficiscere-

383 1174 565 1244 tur,oecidit
582 1190 645 1243 vor,
666 1171 763 1242 Mane,
779 1171 926 1229 Mansine:
957 1173 1021 1250 qua
1041 1174 1175 1249 auspicia
1196 1172 1296 1228 tristia
1308 1172 1421 1248 fuisse,

380 1259 486 1308 eventu
503 1250 661 1329 probatum
683 1258 737 1308 est.
791 1250 891 1308 Victus
912 1252 987 1307 enim
1010 1272 1030 1307 a
1050 1249 1239 1307 Numantinis
1262 1257 1291 1307 et
1314 1249 1424 1308 castris

380 1336 497 1398 erutus,
507 1349 595 1407 qnam
608 1347 673 1407 spes
684 1329 769 1387 nulla
780 1329 918 1387 seruandi
930 1330 1073 1386 exercitus
1090 1335 1174 1396 esset,
1192 1346 1295 1403 pacem
1304 1328 1427 1385 cumeis

372 1407 455 1481 fecit
468 1407 696 1483 iqnaminiosom‚
711 1426 798 1485 quum
810 1414 909 1465 ratam
921 1425 981 1465 esse
1001 1415 1120 1465 senatus
1138 1406 1241 1462 uetuit.
1287 1404 1431 1481 Triqinta

380 1484 477 1543 millio
504 1486 698 1543 Romanorum
720 1506 740 1542 o
764 1484 1011 1543 Numantinorum
1035 1483 1165 1542 millibus
1192 1491 1322 1560 quatuor
1344 1485 1429 1540 uicta

379 1572 475 1621 erant.
502 1564 542 1620 D.
555 1562 663 1622 lunius
676 1563 872 1627 Lusitaniam,
884 1563 1009 1639 triqinta
1023 1561 1137 1619 urbium
1149 1561 1429 1638 expugnationibus,

379 1660 414 1697 us
437 1660 471 1697 ue
485 1644 556 1699 ⁵⁴od
568 1660 700 1700 occasum
712 1649 741 1699 et
755 1660 892 1699 oceanum
904 1642 1088 1717 perdomuit:
1107 1646 1147 1709 et,
1159 1658 1248 1717 quum
1267 1640 1428 1715 ⁵⁵fluuium

381 1660 563 1777 Obqlivionsm
578 1720 705 1778 transire
719 1720 831 1778 nollent
849 1718 970 1789 milites,
992 1726 1122 1796 ereptum
1143 1717 1288 1793 siqnifero
1309 1718 1427 1795 siqnum

379 1798 441 1873 ipse
453 1798 618 1865 transtulit,
630 1806 661 1855 ct
670 1799 722 1867 sio,
733 1806 767 1855 ut
778 1799 1065 1874 transgrederentur,
1073 1797 1234 1874 persuasit.
1257 1794 1427 1855 Alexandri

369 1874 470 1949 filins,
484 1894 534 1933 rec
547 1876 651 1951 Syria,
670 1878 767 1935 decern
779 1896 870 1935 annos
883 1876 1037 1934 admodum
1050 1875 1168 1941 labens,
1181 1894 1201 1931 a
1216 1873 1353 1943 Diodoto,
1368 1876 1425 1951 qui

382 1952 520 2030 Tryphon
533 1954 802 2031 coquominabntur,
819 1963 915 2013 tutore
928 1972 990 2023 suo,
1000 1972 1056 2030 per
1068 1954 1214 2029 fraudem
1232 1953 1341 2009 occisus
1354 1958 1420 2014 est,-

377 2034 528 2109 conruptis
541 2034 671 2103 medicis,
686 2033 747 2112 qui,
761 2052 824 2089 enm
837 2032 947 2091 calculi
960 2032 1059 2089 dolore
1073 2030 1201 2092 consumi
1220 2031 1259 2087 ad
1275 2028 1418 2107 populum

376 2111 503 2181 necestiti,
518 2112 586 2168 dum
599 2120 708 2183 secent,
722 2111 900 2169 occiderunt.

403 2192 407 2215 l

690 2348 1091 2360 *a

850 2553 946 2627 LVI.

414 2763 455 2821 D.
481 2763 589 2820 lunius
611 2762 725 2823 Brutus
747 2763 777 2817 in
798 2761 946 2839 Hispania
968 2762 1109 2820 ulteriore
1125 2762 1265 2836 feliciter
1278 2765 1419 2824 aduersus

379 2843 522 2900 Galloecos
536 2841 694 2918 puqnnnit.
708 2840 848 2898 dissimili
860 2849 965 2896 eventu
978 2841 1024 2898 M.
1039 2841 1181 2899 AEmilius
1201 2842 1331 2918 lepidus
1348 2862 1421 2919 pro·

373 2921 474 2982 sonsul
484 2919 624 2977 adversus
641 2918 773 2984 ,Vaccaeos
784 2937 845 2974 rem
855 2920 959 2993 pessit,
972 2917 1141 2996 clademque
1152 2919 1276 2976 similem
1287 2919 1421 2978 Numan-

375 3000 443 3056 tinse
477 3016 560 3055 assus
573 3004 626 3055 est.
669 2997 719 3052 Ad
731 2995 934 3053 exsolvendum
948 2995 1125 3054 Numantini
1136 2996 1265 3070 foederis
1279 2997 1422 3075 reliqione

370 3018 521 3154 populien,
534 3073 702 3144 Mancinus,
715 3093 804 3152 quum
816 3071 903 3148 liujus
916 3075 961 3130 rei
973 3082 1076 3131 auctor
1081 3074 1205 3149 suisset,
1220 3076 1340 3134 deditus
1355 3076 1422 3133 Nu·

372 3154 522 3222 montinis,
537 3161 650 3211 nonest
664 3161 806 3230 receptus.
839 3153 978 3209 Lustrum
991 3173 1010 3208 α
1024 3151 1189 3210 censoribus
1202 3154 1353 3210 conditum
1366 3164 1422 3214 est.

373 3230 393 3260 ⁵¹
409 3233 500 3291 Conso
511 3239 579 3289 sunt
590 3231 697 3288 ciuium
708 3231 810 3307 capita
825 3237 955 3288 trecenta
967 3231 1076 3307 uiqinti
1090 3231 1150 3286 tria
1161 3231 1266 3288 millia.
1295 3231 1324 3288 F
1323 3232 1424 3292 ulvius

376 3311 503 3386 Flaccus
526 3308 627 3367 consul
655 3306 789 3366 Vardoeos
814 3309 845 3363 in
869 3307 993 3382 Illyrico
1016 3308 1140 3384 subepit.
1188 3307 1233 3365 M.
1263 3310 1423 3370 Cosconius

372 3397 484 3466 prator
502 3389 532 3444 in
556 3387 683 3446 Thracia
702 3405 766 3444 cum
785 3385 947 3444 Scordiscis
963 3405 1103 3464 prospere
1120 3388 1278 3462 puqnouit.
1324 3389 1423 3456 Quum

376 3466 482 3523 bellum
497 3465 708 3541 Numantinum
719 3464 793 3521 vitio
806 3463 912 3520 ducum
925 3481 981 3520 non
1000 3465 1061 3522 sine
1070 3465 1185 3542 pudore
1193 3464 1314 3541 publico
1328 3467 1421 3528 durn-

373 3553 432 3612 ret,
456 3545 572 3601 delatus
593 3551 638 3601 est
665 3541 746 3599 ultro
769 3541 900 3620 Scipioni
920 3541 1065 3617 Africano
1088 3563 1108 3599 a
1129 3551 1232 3601 senatu
1252 3543 1421 3622 populoque

376 3623 506 3679 Romano
528 3621 716 3678 consodates:
738 3639 822 3698 quem
845 3639 934 3697 quum
955 3619 1003 3676 illi
1027 3639 1129 3696 capere
1151 3618 1216 3678 ”olo
1236 3621 1334 3698 lepem,
1354 3643 1420 3699 qua

409 3821 430 3854 55
449 3819 504 3867 Cum
523 3821 600 3881 qnilnu
615 3836 688 3880 pacem
703 3817 787 3878 factam
797 3827 883 3863 senatres
915 3819 955 3865 sed
968 3817 1084 3867 oblivionis
1094 3819 1263 3870 nominabatur.
1289 3821 1423 3872 lucanu-

366 3887 460 3932 irritam
470 3885 519 3941 sieri
529 3885 652 3946 censuerat]
674 3883 778 3942 Sigonius
790 3881 883 3930 immisit
915 3885 987 3931 bonus
997 3885 1025 3930 sd
1037 3884 1110 3931 Strsb.
1127 3885 1143 3932 l.
1156 3898 1195 3933 111.
1206 3903 1229 3949 p.
1243 3885 1297 3934 153.

375 3949 477 4011 rljisri:
487 3950 546 4011 quad
554 3959 633 3996 temen
642 3948 720 3994 abesse
728 3947 883 4003 maluerimus,
946 3947 967 3982 55
979 3947 1048 3996 Cento
1057 3949 1120 4010 sum]
1141 3950 1179 3997 stc
1190 3952 1293 4014 plerique
1305 3953 1385 4017 scripti
1397 3966 1422 4002 et

368 4024 401 4059 ‘et
414 4016 604 4075 reveraignorsnt
622 4014 734 4069 Andreas,
750 4024 773 4060 et
786 4013 882 4074 Campa·
913 4014 1046 4062 vetnediei.
1069 4015 1097 4061 ln
1108 4015 1204 4074 vulgetis
1214 4017 1280 4064 deut
1289 4027 1350 4064 mm.
1373 4020 1422 4065 Sed

370 4091 429 4124 *nun
914 4092 937 4125 et
948 4081 973 4124 irs
984 4094 1080 4127 numero
1090 4080 1173 4127 sirium
1191 4096 1313 4130 tensorum
1332 4082 1419 4130 variant

409 4141 430 4172 55
442 4142 478 4186 dd
490 4142 622 4190 Oeaunmet
636 4140 756 4206 Ocuumn]
773 4142 885 4198 Andreas,
913 4142 974 4190 libri.
1005 4142 1092 4192 Verum
1110 4161 1186 4208 opera
1203 4146 1307 4208 pretium
1323 4160 1369 4193 aon
1384 4147 1419 4193 vi·

377 4205 518 4266 Campanus,
542 4205 639 4254 Hermii
658 4208 754 4262 codices,
777 4207 883 4268 Sigonius
913 4210 981 4256 detur
991 4209 1015 4254 in
1026 4208 1062 4254 his
1073 4211 1167 4258 minutis
1177 4211 1241 4258 tricis
1250 4210 1375 4258 immorari.

370 4269 487 4317 emittunt
500 4269 531 4316 ri
542 4271 684 4322 &cassinen
945 4273 967 4310 ⁵7
985 4273 1018 4318 Ol>
1038 4273 1106 4337 legem
1125 4291 1171 4337 qus·
1188 4277 1275 4322 ustulat
1292 4291 1422 4338 qus-qm

410 4333 430 4365 55
456 4331 560 4380 Flauium
581 4335 723 4398 Obliuionem]
751 4337 882 4396 [egendum
913 4340 993 4384 itemsm
1011 4339 1193 4400 mmulemfieri]
1219 4340 1284 4397 Olim
1301 4340 1425 4401 legebatur

377 4397 503 4446 Obliuionis.
529 4397 719 4458 Namnsuvius,
733 4417 779 4450 nou
791 4403 884 4461 (liliola,
913 4405 1266 4466 quemquamiutradecesrarmet
1276 4407 1423 4454 mnostr-
