3184 5225
386 402 447 459 cos
811 370 1018 455 mrrnrvn

219 540 296 593 Μ·
309 543 365 593 ⁵⁸⁵·
406 578 410 585 ·
432 548 580 615 XXXVI.
604 548 662 613 His
677 550 824 630 incitatis,
839 572 932 633 quum
944 551 976 614 in
991 548 1355 634 Capitoliorogationem
1368 572 1439 614 eam

218 607 294 659 Μ.
313 608 367 659 lut.

388 635 439 701 Ti.
456 635 654 720 Sempronius
669 638 806 699 tribunus
821 637 919 722 plebis
934 637 1037 716 ferret,
1061 640 1087 684 ⁷¹
1101 649 1134 700 et
1156 636 1282 721 privatis
1304 637 1372 719 lege
1389 638 1440 701 di-

390 724 479 787 cendi
494 725 580 787 locus
595 736 685 802 esset,
701 744 756 787 nec
765 734 787 763 ὓ
804 725 844 786 ad
855 724 1055 802 suadendum,
1064 735 1100 786 ut
1110 724 1142 786 in
1153 744 1186 785 re
1197 724 1325 786 minime
1336 722 1441 802 dubia,

220 818 274 870 ser.
284 817 358 869 Galla
389 811 549 893 quisquam
565 812 764 893 procederem
788 809 855 873 Ser.
869 808 969 873 Galba
983 823 1109 894 repente
1122 811 1279 894 processit,
1301 821 1335 873 et
1348 831 1369 871 a
1383 811 1441 872 tri·

216 885 336 933 dissuadet

221 950 298 1007 legem
310 950 339 998 de

222 1077 305 1129 Paulis.

389 898 471 959 buno
486 897 662 981 postulavit,
685 894 767 975 ‘Ut‚
794 897 938 979 quoniam
963 897 1040 959 hora
1059 895 1127 979 jam
1148 911 1259 959 octava
1271 896 1333 958 diei
1348 909 1445 977 esset,

220 1012 343 1091 mmm,
389 982 472 1047 ‘nec
486 984 562 1046 satis
576 984 723 1067 temporis
735 984 773 1045 ad
786 982 1054 1046 demonstrandum
1070 983 1206 1060 haberet,
1218 1003 1271 1045 cur
1286 981 1322 1045 1..
1337 980 1441 1045 AEmi-

389 1067 401 1105 ‘
416 1070 489 1134 lium
505 1092 567 1133 non
586 1068 730 1153 juberent
745 1070 943 1155 triumphare,
957 1071 990 1132 in
1005 1080 1160 1153 posterum
1176 1069 1259 1132 diem
1274 1069 1441 1149 differrent,

389 1156 448 1220 ‘ct
461 1178 551 1220 mane
567 1178 635 1220 eam
651 1178 714 1219 rem
730 1171 865 1240 agerent.
891 1155 1015 1239 integro
1027 1156 1084 1218 sibi
1101 1156 1150 1218 die
1166 1156 1206 1217 ad
1216 1176 1352 1218 cannam
1365 1176 1440 1218 eam

388 1242 562 1307 ‘orandam
578 1264 653 1327 opus
668 1242 754 1307 esse.’
800 1243 902 1313 Quum
917 1244 1055 1305 tribunus
1069 1242 1170 1305 dicere
1192 1263 1230 1304 eo
1245 1241 1305 1317 die,
1321 1242 1347 1304 si
1362 1241 1441 1323 quid

388 1329 489 1408 uellet,
514 1329 647 1413 juberet,
677 1330 709 1391 in
735 1340 859 1391 noctem
882 1350 946 1391 rem
966 1329 1097 1391 dicendo
1112 1328 1257 1406 extraxit,
1278 1326 1440 1390 referendo

386 1414 653 1499 admonendoque,
677 1414 822 1479 ‘Exacta
834 1416 943 1478 acerbe
958 1415 1063 1477 munia
1073 1414 1209 1493 militiae3
1232 1414 1301 1497 plus
1315 1413 1442 1491 laboris,

387 1501 480 1587 ‘plus
495 1502 632 1587 periculi,
647 1522 738 1585 quam
763 1501 964 1565 desiderasset
983 1523 1040 1581 res,
1063 1499 1254 1583 injunctum3
1284 1512 1395 1563 contra
1408 1499 1442 1561 in

386 1588 399 1623 ‘
412 1590 553 1673 praemiis,
570 1590 601 1651 in
617 1590 793 1668 bonoribus,
808 1590 912 1651 omnia
926 1600 1036 1651 artata.
1051 1588 1261 1669 militiamque,
1283 1588 1312 1634 ⁷¹
1323 1587 1349 1648 si
1367 1584 1441 1648 tali·

385 1674 467 1736 ‘bus
483 1676 628 1738 succedat
643 1675 782 1754 ducibus,
805 1675 1006 1739 horridiorem
1028 1675 1272 1758 asperioremque
1295 1672 1442 1736 bellanti·

382 1762 397 1796 ‘
412 1762 482 1839 bus3
498 1762 637 1825 eamdem
649 1762 815 1824 victoribus
825 1762 947 1846 inopem
959 1772 1051 1843 atque
1064 1762 1279 1824 inhonoratam
1292 1758 1440 1822 suturam.

383 1848 396 1881 ‘
410 1846 601 1911 Macedonas
617 1850 648 1911 in
664 1848 789 1911 meliore
805 1848 938 1926 foetum,
951 1869 1041 1931 quam
1054 1848 1168 1910 milites
1183 1846 1351 1925 Romanos,
1361 1866 1438 1911 esse.

376 1935 395 2005 ,‘
411 1931 445 1996 Si
466 1934 638 2017 frequentes
658 1949 783 2019 postero
807 1934 857 1997 die
880 1936 920 1997 ad
934 1935 1033 2017 legem
1049 1932 1267 2019 antiquandam
1283 1933 1439 2011 adessent,

381 2020 396 2055 ‘
411 2020 617 2084 intellecturos
629 2032 771 2105 potentes
781 2022 873 2099 viros,
883 2042 944 2084 non
957 2022 1061 2085 omnia
1072 2022 1105 2083 in
1120 2020 1217 2098 ducis,
1228 2019 1345 2103 aliquid
1360 2032 1393 2083 et
1403 2019 1438 2083 in

384 2107 542 2170 ‘militurn
557 2128 651 2181 manu
666 2107 754 2171 esse!
799 2106 858 2170 His
872 2109 996 2170 vocibus
1009 2107 1142 2185 incitati,
1164 2117 1287 2189 postero
1311 2106 1361 2169 die
1376 2105 1439 2169 mi-

384 2192 455 2257 lites
470 2206 558 2258 tants
573 2193 742 2295 frequentia
756 2192 944 2284 Capitolium
956 2195 1195 2278 complevemnt,
1203 2205 1239 2255 ut
1249 2193 1346 2255 aditus
1358 2192 1436 2294 nulli

382 2281 590 2450 ttt‘tttl
602 2279 1438 2451 {litatal‘tlltttttadltttttttttt

385 2452 520 2515 civitatis
540 2452 639 2515 factus
663 2465 720 2531 est,
744 2454 755 2489 ‘
767 2452 932 2535 Indignum
954 2453 1071 2517 facinus
1090 2450 1178 2532 esse,'
1201 2452 1437 2531 clamitantium,

386 2536 447 2600 ‘la
467 2537 615 2618 Paullum,
636 2541 715 2603 tanti
738 2540 811 2601 belli
833 2540 979 2603 victorem
996 2540 1177 2625 dispoliari·
1196 2539 1365 2623 triumpho.
1380 2538 1439 2601 ob·

385 2623 521 2687 ‘noxios
531 2626 729 2708 imperatores
739 2625 959 2691 tradi‘licentiae
969 2640 1061 2710 atque
1071 2627 1202 2690 ovantia
1209 2626 1353 2690 militari:
1368 2625 1438 2688 ⁷⁸in
1484 2624 1486 2628 ’

383 2709 474 2773 ‘uno
489 2711 579 2774 nimis
590 2721 641 2775 se⁰
655 2733 710 2796 per
720 2713 920 2776 ambitionem
931 2735 1069 2799 peccare.
1105 2713 1199 2793 Quid,
1209 2714 1235 2776 si
1247 2713 1365 2776 domini
1376 2712 1436 2775 mi·

385 2795 399 2832 ‘
412 2795 480 2859 lites
496 2797 728 2882 imperatoribus
744 2800 970 2884 inponanturl’
993 2799 1029 2863 ln
1043 2800 1174 2864 Galbam
1189 2821 1246 2884 pro
1260 2799 1438 2882 aequisque

383 2883 496 2966 probra
511 2883 658 2968 ingerere.
701 2885 853 2966 Tandem,
869 2887 929 2950 hoc
943 2888 1073 2952 tumultu
1087 2887 1206 2964 sedatq
1217 2885 1265 2950 M.
1279 2883 1438 2964 Servilius,

385 2969 437 3052 qui
453 2970 559 3034 consul
574 2983 607 3035 et
622 2973 768 3055 magister
778 2975 915 3056 equitum
930 2973 1040 3053 suerat,
1050 2986 1086 3039 ut
1101 2973 1140 3036 de
1155 2973 1274 3056 integro
1286 2991 1357 3033 eam
1368 2991 1437 3033 rem

384 3069 523 3138 agerent,
543 3057 582 3120 ab
606 3059 734 3122 tribunis
755 3072 871 3141 petere,
892 3060 1073 3143 dicendique
1087 3060 1145 3122 sibi
1160 3060 1202 3123 ad
1215 3057 1361 3144 populum
1376 3077 1438 3140 po·

384 3152 529 3204 testatem
550 3141 696 3207 lacerent.
727 3143 868 3224 Tribuni,
883 3168 978 3228 quum
996 3146 1035 3209 ad
1050 3145 1277 3209 deliberandum
1292 3143 1438 3206 secessis-

383 3240 465 3307 sent,
484 3229 559 3292 victi
583 3231 815 3293 auctoritatibus
828 3233 1012 3314 principum,
1036 3233 1075 3294 de
1090 3233 1210 3313 integro
1225 3251 1315 3314 agere
1331 3250 1437 3312 coepe-

384 3323 466 3392 runt,
492 3325 743 3396 revocaturosque
767 3335 801 3377 se
827 3316 949 3379 easdem
966 3317 1070 3379 'tribus
1093 3317 1319 3393 renunciarent,
1341 3317 1367 3378 si
1387 3313 1437 3378 M.

383 3397 528 3462 Servilius
544 3400 653 3483 aliique
667 3401 790 3484 privati,
805 3402 858 3485 qui
873 3402 975 3465 dicere
987 3403 1113 3481 vellent,
1128 3403 1290 3466 dixissent.

392 3531 562 3600 ¹[nctJCrav.
594 3535 895 3598 'dopoiiomGrou-Crev.
925 3533 1432 3598 nummulatrmaiaaoepnm

382 3639 500 3749 tlt*
500 3624 894 3754 ..11⁰d'tt..·;'tt.ttt.t:‘.
925 3626 1006 3741 {iti
1022 3626 1439 3741 nmmum

383 3755 545 3818 imperatorem
563 3755 637 3817 arguit
649 3755 722 3804 Galba
737 3757 835 3820 jactasse
846 3773 893 3806 noar
925 3759 969 3820 git,
984 3771 1028 3805 nee
1041 3757 1109 3806 boile
1126 3771 1155 3805 ea
1166 3757 1271 3818 aequiore
1282 3771 1334 3805 evo
1343 3757 1437 3805 ilum

379 3834 489 3936 mse
507 3822 630 3886 ”mm
647 3821 709 3879 ‘m’
727 3837 799 3884 ‘'w''
814 3837 894 3873 mm
926 3820 1333 3951 'fflrffiwmffissm
1347 3885 1374 3934 ss
1383 3884 1436 3934 aa

413 3951 435 3986 ⁷¹
455 3920 486 3998 iit
503 3951 632 4013 piimtiale
670 3951 896 4012 dimidiamur,
926 3969 979 4004 rana
990 3951 1438 4011 mnr‚unsuertt:andnuadueism

381 4029 422 4062 aee
431 4016 461 4062 sd
470 4015 616 4080 suman]
629 3968 796 4067 glinniculansc
807 4018 891 4068 merito
922 4035 961 4070 res
980 4033 1086 4084 prospere
1105 4017 1273 4074 mecedauqai
1289 4017 1348 4066 talea
1363 4017 1440 4065 daeo

380 4077 457 4126 addita
477 4095 490 4127 a
509 4083 602 4142 Sigania
620 4095 665 4136 est.
706 4082 779 4132 llecte
799 4099 891 4147 quoqne
922 4085 1045 4135 bonorem
1057 4084 1156 4150 praemiis
1169 4093 1303 4144 regnam.

379 4141 510 4192 Gronovius
518 4147 893 4212 monetlegendum,etprluctisde
953 4149 979 4188 ⁷³
994 4147 1434 4209 lucusianum-lampec-

381 4207 429 4282 lcge
438 4209 525 4257 dicendi
536 4211 595 4260 laeua
610 4225 671 4275 esset,
690 4215 712 4261 id
723 4225 768 4271 eat,
782 4213 891 4262 audendi
922 4212 985 4280 oure]
999 4215 1168 4280 Amplectimur
1176 4211 1359 4262 emendationem
1370 4207 1439 4256 Gro-

379 4272 550 4323 daauadcndive
569 4278 652 4340 legem.
689 4278 799 4342 Denique
819 4295 891 4342 quum
922 4281 999 4328 omit:
1015 4282 1150 4328 ultissimis
1166 4293 1219 4340 sepe
1237 4293 1278 4340 per
1295 4275 1438 4324 orbim

379 4347 447 4414 actua
455 4341 571 4403 exemplar
578 4342 692 4403 habuerit,
699 4347 758 4393 utini
767 4360 793 4392 re
801 4346 893 4394 minima
920 4346 1017 4408 pecuum.
1039 4343 1116 4408 uum,
1126 4345 1150 4392 id
1160 4344 1283 4400 eat,etiana
1294 4355 1366 4406 quum
1377 4337 1440 4388 nibil

379 4403 668 4480 dubssiqqiiquam,idsm
677 4409 808 4458 Gronovius
816 4410 889 4474 ampi-
921 4417 998 4472 cegat.
1031 4411 1173 4459 Ambitione·
1193 4405 1308 4468 intellige,
1328 4417 1357 4454 ut
1374 4419 1437 4482 sape

379 4478 455 4528 catur,
464 4477 490 4516 ut
498 4484 522 4516 m
530 4485 555 4550 τι
562 4473 651 4522 asinina
661 4475 889 4554 duimquiqnom:
921 4475 985 4556 alias,
1003 4490 1096 4556 pravqm
1113 4487 1138 4524 et
1154 4473 1343 4540 intempestivam
1357 4481 1438 4536 W

376 4541 403 4583 et
414 4531 488 4586 irum
499 4543 656 4602 conjecturam
670 4555 735 4590 auaro
751 4551 889 4592 auctoritate
921 4541 983 4605 sulp
992 4552 1154 4607 mintionem
