3184 5225
367 358 408 412 49
801 349 885 410 ΤΙΤῙ
904 348 1004 410 LlVll

203 523 236 572 υ.
247 524 276 573 c.
290 525 347 576 oro.
369 505 582 590 ‘inplorantia
592 505 695 588 populi
705 504 848 582 Romani,
859 525 896 566 ne
912 504 978 583 quis
987 497 1132 583 umquam
1141 523 1174 564 se
1190 503 1418 584 posteadedere

199 587 271 637 M·
286 591 340 639 ¹⁷³·
370 593 533 670 ‘auderet
560 592 693 675 pessimo
718 591 860 671 exemplo
885 589 1022 650 venisse:
1053 600 1085 649 et
1114 588 1275 652 distractos
1302 591 1418 672 passim

369 677 423 718 ‘¹⁴
435 679 527 761 justis
540 676 695 761 quondam
710 676 848 737 hostibus
863 674 967 757 populi
994 673 1126 736 Romani
1154 677 1271 756 pacatis
1297 678 1418 740 servire.

200 769 344 841 Redimtju·
370 765 480 836 ‘Quas
503 765 543 825 ob
567 784 614 824 res
637 763 757 846 placere
782 761 911 838 senatui,
937 759 985 850 ill.
1012 759 1174 842 Popillium
1191 762 1348 824 consulem
1364 762 1418 824 Li-

201 837 294 890 m·
370 855 493 932 ‘gorea
516 850 614 932 pretio
637 849 804 910 emtoribus
829 848 958 925 reddito,
982 847 1063 930 ipsos
1089 849 1246 910 restituere
1270 849 1301 910 in
1325 851 1418 910 liber·

271 935 275 942 ’
370 937 511 1014 ‘tatem3
528 937 668 1016 bonaque
682 946 718 997 ut
732 935 780 1011 iis,
796 934 943 1015 quidquid
957 932 1022 1015 ejus
1038 936 1208 1016 recuperari
1224 935 1330 1016 possit,
1346 936 1417 997 red·

369 1022 506 1084 ‘dantur
530 1043 645 1084 curare.
682 1026 709 1060 ²⁵
722 1020 819 1082 Arma
845 1020 944 1102 primo
965 1040 1084 1101 quoque
1101 1030 1236 1102 tempore
1252 1020 1314 1082 fieri
1331 1022 1362 1082 iu
1379 1043 1419 1084 ea

369 1108 499 1189 ‘gente
526 1109 682 1170 consulem
706 1107 745 1169 de
764 1107 921 1189 provincia
946 1106 1103 1184 decedere,
1126 1126 1218 1189 quum
1243 1107 1362 1170 deditos
1382 1108 1416 1168 in

370 1194 502 1255 ‘sedem
518 1214 604 1253 suam
620 1191 745 1275 Ligures
761 1193 951 1255 restituisset.
989 1190 1111 1254 Claram
1126 1193 1285 1256 victoriam
1310 1196 1336 1233 ²⁶
1348 1194 1417 1254 rin·-

370 1279 495 1341 ‘cendo
511 1279 733 1361 obpugnantes,
748 1301 811 1341 non
827 1277 974 1340 saeviendo
991 1279 1021 1340 in
1037 1279 1186 1354 adflictos,
1212 1279 1287 1340 lieri.

290 1363 296 1376 '
415 1363 471 1426 [Χ.
487 1363 612 1442 Consul,
624 1386 684 1445 qua
692 1366 807 1427 ferocia
815 1365 908 1426 animi
921 1385 991 1426 usus
1003 1376 1069 1427 erat
1084 1366 1114 1426 in
1138 1362 1311 1446 Liguribus,
1332 1387 1418 1428 eam-

370 1451 442 1512 dem
451 1451 493 1512 ad
507 1471 568 1512 non
590 1453 758 1534 parendum
773 1452 891 1513 senatui
905 1451 1021 1513 habuit.
1065 1449 1248 1532 legionibus
1259 1453 1416 1534 extemplo

370 1536 455 1598 Pisas
470 1538 502 1597 in
514 1537 710 1599 hibernacula
721 1539 830 1615 missis,
843 1539 936 1599 iratus
946 1536 1097 1614 Patribus,
1109 1537 1237 1600 infestus
1248 1541 1274 1584 ’⁷
1286 1541 1418 1620 praetori,

371 1622 505 1686 Romam
517 1623 623 1685 rediit:
639 1635 805 1704 senatuque
821 1624 976 1705 extemplo
989 1623 1029 1684 ad
1044 1622 1139 1685 aedem
1152 1623 1286 1687 Bellonae
1296 1637 1418 1702 vocato,

370 1709 475 1772 multis
500 1709 598 1770 verbis
624 1710 760 1772 invectus
791 1711 891 1771 estin
921 1721 1101 1791 praetorem:
1135 1710 1223 1791 ‘qui,
1252 1730 1345 1791 quum
1376 1711 1416 1772 ob

372 1796 462 1857 ‘rem
478 1796 581 1856 belloe
604 1797 683 1856 bene
697 1806 825 1875 gestam,
841 1796 885 1856 uti
901 1794 968 1857 Diis
984 1795 1193 1858 inmortalibus
1214 1797 1417 1858 honosbabe·

373 1883 383 1915 ‘
399 1894 492 1958 retur,
506 1880 617 1943 referre
633 1881 673 1940 ad
688 1891 827 1941 senatum
843 1880 1007 1959 debuisset,
1020 1881 1160 1944 adversus
1172 1904 1204 1943 se
1212 1883 1418 1964 pro‘hostibus

373 1967 692 2028 ‘senatusconsultum
718 1964 851 2042 fecisset,
874 1987 933 2046 quo
949 1968 1108 2028 victoriam
1131 1989 1218 2030 suam
1234 1969 1274 2029 ad
1291 1967 1418 2050 Ligures

373 2051 765 2132 ‘transferret‚dediqueiis
774 2072 871 2134 prope
882 2053 1286 2136 consulempraetorjuberet.
1312 2053 1419 2136 Itaque

373 2139 384 2172 ⁴
399 2138 525 2200 multam
541 2136 569 2198 ei
585 2159 618 2198 se
638 2139 759 2199 dicere:
787 2159 807 2198 a
822 2137 959 2198 Patribus
981 2139 1145 2221 postulare,
1171 2151 1206 2201 ut
1221 2151 1418 2202 senatuscon-

372 2225 383 2257 ‘
398 2225 510 2286 nultum
517 2224 550 2284 in
559 2224 783 2285 sefactumtolli
789 2221 948 2304 juberent:
960 2224 1417 2307 supplicationemque,²⁸quam

373 2312 385 2344 ‘
398 2312 539 2373 absentes
554 2331 594 2372 ex
608 2310 714 2387 literis,
727 2309 765 2370 dc
777 2311 855 2371 bene
867 2321 954 2390 gesta
965 2311 1121 2392 republica
1134 2312 1244 2389 missis,
1255 2311 1420 2373 decernere

374 2396 386 2430 ‘
402 2396 572 2473 debuerint,
588 2407 750 2477 prasentes
759 2395 882 2458 honoris
894 2395 1027 2458 Deorum
1040 2397 1170 2478 primum
1181 2419 1297 2475 caussa,
1309 2398 1422 2460 deinde

375 2482 433 2544 ‘et
458 2482 504 2542 sui
531 2483 632 2562 aliquo
657 2482 780 2543 tandem
807 2496 955 2564 respectu,
986 2482 1204 2545 decernerent?
1243 2481 1350 2546 Nihilo
1376 2483 1421 2544 le-

374 2567 522 2646 nioribus,
537 2589 629 2649 quam
645 2569 762 2645 absens,
778 2580 953 2630 senatorum
967 2568 1084 2650 aliquot
1106 2570 1293 2632 orationibus
1319 2571 1419 2633 incre·

373 2655 466 2737 pitin,
482 2666 590 2715 neutra
604 2656 767 2736 impetrata
781 2676 825 2731 re,
841 2655 872 2715 in
892 2656 1077 2737 provinciam
1094 2657 1173 2718 redit
1182 2657 1200 2717 s.
1237 2656 1325 2717 Alter
1340 2676 1416 2717 con·

374 2740 422 2801 sul
439 2739 619 2818 Postumius,
644 2753 805 2803 consumta
826 2753 933 2803 astate
954 2741 985 2801 in
1005 2742 1257 2823 recognoscendis
1273 2743 1364 2823 agris,
1378 2763 1419 2803 ne

374 2827 440 2887 risa
454 2826 579 2907 quidem
599 2828 756 2908 provincia
778 2848 842 2904 sua,
868 2827 1060 2889 comitiorum
1081 2850 1188 2891 caussa
1214 2827 1345 2889 Romam
1371 2849 1420 2890 re·

375 2912 443 2974 diit.
465 2914 641 2974 2⁹consules
656 2912 693 2974 C.
710 2913 872 2995 Popillium
895 2912 1058 2992 muntem,
1086 2913 1118 2976 P.
1138 2912 1253 2976 AElium
1273 2912 1418 2995 Ligurem

375 2999 499 3061 crearit.
542 2998 688 3061 Praewres
712 3000 848 3061 exinde⁸
874 2999 948 3062 faeti
975 2998 1012 3061 C.
1038 3000 1170 3063 Licinius
1201 2998 1338 3080 Crassus,
1368 2998 1418 3061 M.

441 3147 630 3196 ‘belbrcnbens
641 3148 713 3196 Groo.
724 3147 792 3197 Cres.
910 3147 1062 3198 ‘rediitEacd
1177 3151 1276 3198 tdsiruls
1288 3150 1354 3197 liud.

408 3279 531 3328 otiare.
544 3315 550 3327 .
563 3314 569 3328 .
582 3271 686 3345 bombus]
717 3279 765 3327 ou
786 3294 840 3327 rere
853 3268 885 3327 ¹et
916 3278 948 3327 sic
958 3278 1083 3343 loquuntur
1103 3279 1188 3330 Latini.
1229 3279 1281 3328 Cic.
1300 3280 1324 3327 in
1342 3279 1424 3339 Bruto,

376 3346 444 3411 plane
463 3344 542 3392 bootes
560 3346 666 3393 luerunt:
684 3345 728 3401 sel,
748 3346 884 3407 quibuscum
916 3359 939 3391 n.
960 3346 997 3393 ll.
1016 3346 1055 3392 Vos
1073 3360 1122 3393 uero
1136 3354 1157 3393 ct
1170 3355 1294 3407 protentam
1313 3360 1347 3391 me
1364 3362 1421 3395 curs

374 3416 465 3473 Justum
476 3411 586 3473 piumque
597 3410 682 3457 bellurn
692 3422 782 3471 gestum
793 3425 861 3458 esset.
917 3410 999 3465 lenatia
1008 3420 1029 3458 et
1038 3410 1121 3457 absenti
1128 3426 1207 3471 magno
1218 3409 1294 3457 srluiia
1304 3410 1400 3459 unua

409 3474 513 3521 ”Arma
539 3478 607 3535 primo
626 3492 708 3537 quoque
728 3484 822 3536 tempore
836 3474 884 3536 fie-
948 3473 1085 3522 ⁴¹⁰Consules
1109 3474 1136 3521 C.
1159 3474 1278 3536 Popillium
1304 3472 1423 3531 houton,

376 3539 410 3602 τί]
445 3539 541 3586 Addidit
566 3539 671 3597 Sigonius
697 3556 777 3589 vocem
803 3545 882 3601 prinu.
915 3537 945 3585 P.
955 3536 1041 3587 AElium
1052 3538 1158 3602 Ligurem
1173 3538 1267 3599 arcuit]
1304 3538 1337 3585 l·li
1352 3538 1420 3586 srobo

377 3604 489 3653 Ceterum
507 3604 559 3651 ideo
565 3605 633 3669 jubet
643 3618 736 3654 sensim
755 3621 819 3653 mma
834 3604 883 3653 lieri
914 3602 981 3667 primi
1008 3606 1036 3653 de
1064 3604 1130 3668 plebs
1161 3604 1265 3652 consules
1289 3602 1359 3651 inisse
1394 3604 1420 3651 iu

377 3667 440 3716 ines
456 3678 535 3731 gente,
546 3683 573 3717 ut
583 3671 695 3717 restirrdst
710 3672 732 3717 id
744 3672 804 3731 quod
820 3668 883 3717 fece·
915 3668 988 3715 Pestis
1011 3668 1144 3732 Capitolinis
1164 3678 1290 3717 notamurr
1312 3681 1380 3730 atque
1397 3668 1423 3715 id

376 3734 560 3798 rstconsul,qui
573 3750 635 3781 arma
651 3735 883 3783 Statiellrribusrrle-
916 3734 1011 3781 miratur
1037 3752 1050 3782 s
1078 3733 1141 3781 Livio
1172 3734 1349 3797 praetenuissum
1372 3746 1424 3781 esse

376 3812 458 3858 metat,
476 3816 503 3848 sc
520 3811 578 3849 nors
596 3800 700 3847 fabricari
715 3798 797 3865 procul
815 3799 884 3847 dubio
916 3797 1017 3859 Pighius.
1050 3800 1095 3847 Sed
1114 3798 1137 3845 bi
1155 3800 1246 3862 quidem
1266 3799 1332 3846 ambo
1353 3798 1423 3860 primi

376 3878 489 3917 seuerst.
537 3883 539 3888 ·
916 3864 944 3910 de
959 3862 1026 3928 plebe
1048 3863 1152 3913 consules
1168 3864 1324 3925 magistratum
1346 3877 1423 3923 gesse·

445 3926 721 3994 Vinrsrulooppngnmrtes]
742 3928 815 3977 Recte
828 3927 883 3976 Cle·
916 3940 979 3985 runt,
996 3939 1019 3976 at
1036 3945 1081 3979 noo
1093 3928 1161 3993 primi
1173 3928 1243 3977 cressi
1262 3940 1323 3976 sunt.
1352 3930 1424 3974 Anno

376 3994 452 4043 ricus:
464 3998 571 4043 uincendo
579 4003 709 4057 [signantes.
917 3994 979 4041 enim
991 4006 1072 4057 quarto
1086 3994 1177 4041 secundi
1194 3993 1275 4041 Punici
1288 3992 1345 4040 belii
1356 3992 1423 4040 Mer-

409 4058 549 4122 Uictori]
588 4060 717 4120 Legcbstor
748 4058 883 4120 proteritur.
918 4058 989 4106 cellas
1005 4058 1138 4123 Sempronio
1152 4060 1261 4107 Grscclro
1279 4056 1367 4117 collega
1381 4058 1424 4104 ds.

377 4122 516 4171 Emendarlt
527 4124 641 4185 Sigonius.
918 4135 955 4171 tus
966 4123 1057 4173 iuerat:
1073 4124 1113 4172 sed
1124 4123 1179 4172 sitio
1196 4134 1286 4171 creatos
1303 4122 1424 4182 magistra.

409 4188 433 4221 ²⁸
446 4186 518 4240 Quom
538 4188 641 4255 absentes]
680 4187 809 4236 Gronovius
833 4204 885 4235 mu·
918 4200 967 4235 turn
979 4188 1096 4239 abdicarit.
1130 4189 1208 4251 Atque
1219 4186 1424 4246 illolocodiligcn-

377 4263 424 4300 tat:
443 4268 509 4315 quaro
526 4254 606 4300 absenti
623 4254 670 4303 sibi.
706 4254 752 4301 Sed
776 4254 886 4302 debuerat
918 4265 954 4301 ter
962 4254 1195 4303 annotatumsLir-io
1203 4267 1246 4312 cst,
1255 4266 1306 4301 turn
1322 4242 1424 4315 primum

378 4332 433 4378 ergo
451 4318 563 4379 corrigere
581 4330 606 4365 et
630 4316 660 4364 rb
681 4326 800 4379 presentes,
824 4318 884 4382 quod
916 4318 972 4365 dnm
984 4321 1088 4369 consules
1098 4318 1199 4381 plebeios
1210 4319 1281 4369 iactos
1289 4332 1347 4366 esse.
1366 4314 1424 4365 Vrd.

378 4384 490 4445 sequitur.
524 4384 585 4431 Sane
604 4395 652 4430 tam
669 4383 756 4432 aberat·
767 4396 860 4433 senatus
870 4400 885 4430 s
916 4398 982 4448 supra
990 4384 1006 4431 l.
1016 4396 1094 4435 xxiii.
1105 4398 1126 4433 c.
1137 4384 1177 4433 31.

378 4448 483 4513 Popillio,
494 4465 562 4514 quam
573 4448 685 4514 Popillius
697 4449 724 4496 sb
738 4462 826 4499 senna.
852 4448 885 4497 Et
