3184 5225
412 352 468 413 lli
765 388 770 399 .
837 344 923 405 'l'l'l'l
943 344 1044 405 lert

243 513 380 571 uenat.
409 502 578 566 triolardtl
603 514 645 579 et,
661 505 790 583 “quum
813 504 914 564 omnis
933 502 1070 585 prelatio
1092 522 1248 564 sacrorum
1269 522 1333 579 eor,
1347 502 1461 583 quibos

241 581 317 659 Aac·
331 581 385 630 ¹⁶⁸·
409 591 420 625 ⁴
434 610 496 651 non
508 590 570 651 rint
581 609 661 671 pura
672 609 790 665 manns,
803 589 896 650 sacris
908 601 1020 666 arceat,
1029 610 1082 651 ros
1093 588 1263 671 penetralia
1270 600 1369 650 restra
1378 610 1459 651 ooo·

410 676 576 738 ‘taminati
599 686 723 736 cruento
747 676 874 737 latronis
895 696 1024 758 corpore
1046 673 1191 736 sinetiai’
1237 673 1358 737 Nobilis
1372 675 1459 737 larua

241 770 350 819 menter
409 773 485 837 erat,
504 762 706 841 apudorpnes
722 761 844 824 Graeciae
866 762 1016 840 civitates,
1030 761 1177 823 Eumenis
1191 762 1271 843 regis
1285 782 1339 843 per
1352 760 1456 823 livarr-

244 835 390 947 cm‘ffld
409 848 498 909 druto
513 846 643 930 Delphis
658 868 752 930 prope
767 859 944 930 perpetrata
964 849 1071 910 credes.
1119 847 1238 929 ltaque,
1252 859 1456 929 praeterquam

243 912 390 1015 {Imp
409 933 492 1015 quod
502 935 534 995 in
547 945 700 1015 potestate
712 934 920 996 Romanorum
935 956 1001 997 sese
1015 936 1204 1015 insulamque
1214 946 1314 997 totam
1325 946 1359 996 et
1372 948 1456 997 tem·

241 1031 362 1078 centem·
409 1022 492 1101 plum
508 1020 673 1082 cernebant
692 1042 769 1098 esse,
785 1041 825 1081 ne
845 1022 988 1083 inmerito
1003 1021 1125 1102 quidem
1148 1041 1186 1082 ea
1205 1019 1265 1081 eibi
1279 1021 1456 1103 exprobrari

122 1114 129 1129 ⁸
241 1094 374 1143 ΜΨ·
409 1107 478 1184 rati,
491 1105 684 1183 Theondam,
699 1108 749 1189 qui
773 1128 908 1168 summus
922 1108 1116 1188 magistratus
1133 1108 1216 1189 apud
1230 1126 1283 1168 eoe
1298 1120 1375 1184 erat,
1393 1106 1455 1185 (re-

238 1159 317 1209 eibur.

407 1212 478 1273 gem
494 1192 551 1273 ipsi
567 1193 735 1275 adpellant)
754 1194 794 1254 ad
810 1191 918 1255 Peraea
931 1194 1071 1271 mittunt,
1086 1194 1138 1274 qui
1153 1192 1324 1271 nunciaret,
1339 1193 1455 1274 ‘Argoi

406 1279 528 1339 ‘credis'
541 1276 713 1340 Evandrum
729 1278 918 1359 Cretensem.
942 1300 1008 1341 esse
1028 1290 1128 1341 autem
1147 1279 1267 1361 judicia
1288 1280 1369 1362 apud
1385 1299 1455 1340 sese

407 1366 419 1405 ·‘
435 1384 520 1425 more
533 1363 682 1445 majorum
696 1377 874 1447 comparata
885 1366 924 1426 de
934 1367 982 1443 iis,
991 1366 1044 1449 qui
1059 1368 1191 1427 incestas
1201 1384 1309 1427 manus
1319 1362 1458 1427 intulisse

406 1451 418 1503 .‘
432 1451 513 1511 intra
523 1451 670 1513 terminos
681 1465 817 1513 sacratos
829 1453 936 1533 templi
946 1452 1095 1514 dieantur.
1132 1450 1166 1513 Si
1177 1450 1454 1514 confideretllrao-

406 1536 418 1571 ‘
433 1536 497 1613 der,
513 1538 671 1599 innoxium
689 1560 722 1599 se
737 1539 780 1599 rei
794 1539 934 1619 capitalis
950 1539 1046 1619 argui,
1061 1539 1180 1602 veniret
1194 1540 1235 1600 ad
1248 1558 1388 1601 mursam
1402 1538 1453 1599 di·
1534 1584 1542 1595 .

405 1622 577 1685 ‘cendamz
607 1624 632 1685 si
656 1626 846 1685 committere
868 1646 902 1686 se
918 1624 1042 1706 judicio
1064 1646 1127 1687 non
1150 1625 1289 1703 auderet,
1312 1625 1456 1686 liberaret

407 1709 577 1790 ‘religione
600 1710 757 1791 templum,
779 1731 816 1770 ac
838 1711 961 1771 sibimet
985 1712 1050 1792 ipse
1071 1710 1263 1775 consuleret!
1317 1709 1455 1787 Peractis,

404 1807 532 1855 evocato
544 1792 696 1870 Evandro,
712 1796 722 1827 ‘
729 1793 881 1874 judicium
893 1796 1042 1857 subeundi
1052 1798 1138 1857 nullo
1148 1808 1241 1877 pacto
1251 1808 1358 1859 auctor
1368 1816 1453 1859 esser

406 1880 490 1941 ‘nec
506 1900 622 1957 caussa,
637 1900 694 1940 nec
715 1880 815 1961 gratia
829 1901 934 1962 parem
949 1881 1034 1943 fore:
1084 1880 1216 1946 Suberat
1229 1896 1263 1945 et
1275 1884 1328 1945 ille
1341 1896 1455 1965 metus,

404 1984 445 2025 rra
460 1964 621 2026 damnatus
646 1978 801 2027 auctorem
825 1988 858 2027 se
878 1967 1002 2028 nefandi
1021 1968 1164 2029 facinoris
1186 1972 1215 2009 ’ὅ
1224 1969 1419 2051 protraheret
1426 1968 1454 2030 ί.

404 2053 432 2098 *ὅ
445 2052 455 2083 ‘
467 2052 573 2131 reliqui
586 2051 659 2135 quid
671 2063 759 2131 esset,
775 2052 833 2113 nisi
844 2066 881 2114 ut
892 2054 1014 2115 fortiter
1027 2053 1192 2117 moriatur?
1203 2054 1212 2079 '
1248 2054 1452 2137 Nihilpalarn

404 2137 537 2199 abnuere
551 2137 706 2199 Evander:
737 2140 791 2199 sed
813 2158 916 2219 quum,
936 2160 1055 2201 veneno
1078 2160 1111 2201 se
1133 2140 1225 2202 malle
1247 2142 1336 2217 mori,
1357 2161 1453 2221 quarn

356 2265 360 2277 .
405 2222 495 2300 ferro,
512 2223 639 2285 dixisset
645 2246 654 2301 3
686 2226 807 2286 occulte
822 2224 926 2307 fugam
941 2228 1078 2307 parabat.
1099 2227 1291 2310 quodquam
1308 2226 1450 2287 renunci-

404 2320 489 2371 atum
506 2311 569 2391 regi
584 2322 674 2387 esset,
689 2321 838 2387 metuens,
852 2332 903 2388 ne,
918 2324 1075 2393 tamquam
1093 2334 1112 2373 a
1132 2334 1166 2374 se
1179 2315 1339 2375 subtracto
1352 2332 1453 2394 prante

237 2413 383 2462 Occiditur.
405 2416 467 2473 reo,
483 2396 558 2457 iram
574 2394 809 2459 Samothracum
825 2398 856 2459 in
870 2418 903 2458 se
919 2410 1119 2475 con-verteret,
1134 2400 1266 2462 interfici
1276 2398 1451 2461 Evandrum

237 2478 329 2529 PM·
402 2481 503 2562 jussit.
539 2482 610 2551 Qua
621 2495 795 2564 perpetrata
806 2494 921 2545 temere
931 2485 1023 2562 cede,
1034 2486 1127 2547 subiit
1137 2486 1294 2567 externplo
1304 2486 1454 2561 animum,

405 2567 436 2629 in
451 2588 483 2630 se
498 2568 642 2630 nimirum
657 2581 814 2652 receptam
828 2570 939 2646 labem,
955 2591 1020 2652 quae
1034 2570 1167 2634 Evandri
1182 2571 1305 2635 fuisset:
1335 2572 1373 2634 ab
1396 2569 1454 2633 illo

404 2653 534 2736 Delphis
549 2655 738 2716 vulneratum
752 2655 933 2735 Eumenem,
950 2659 990 2719 ab
1005 2679 1038 2719 se
1054 2655 1261 2722 Samothrace
1273 2659 1453 2720 Evandrum

305 2733 309 2740 ⁴
403 2741 550 2804 occisum.
567 2742 614 2802 ita
624 2741 685 2803 duo
700 2741 892 2804 'sanctissima
902 2743 937 2804 'in
952 2745 1040 2805 terrie
1054 2745 1180 2827 templa,
1192 2767 1225 2807 se
1239 2767 1300 2808 uno
1314 2758 1455 2822 auctore,

403 2827 551 2908 sanguine
573 2828 709 2890 humano
730 2830 853 2891 violata.
897 2828 999 2910 Hujus
1021 2831 1065 2891 rei
1087 2833 1213 2909 crimen,
1226 2843 1376 2911 conrupto
1394 2849 1455 2910 pe·

405 2914 496 2974 cunia
513 2911 676 2990 Theonda,
698 2917 853 2993 avertitur,
871 2927 907 2976 ut
928 2917 1122 2979 renunciaret
1139 2917 1260 3000 populo,
1272 2916 1456 2978 Evmrdrum

401 3000 461 3060 sibi
477 3001 575 3081 ipsum
592 3011 720 3060 mortem
736 3003 888 3063 conscisse
896 3013 920 3064 ⁶.
1243 3005 1247 3012 '

237 3087 391 3137 Perreirmici
448 3083 503 3146 VI.
528 3085 670 3147 Ceterum
691 3099 779 3148 tanto
800 3088 936 3149 facinore
956 3090 989 3149 in
1011 3090 1137 3152 unicum
1151 3089 1288 3150 relictam
1304 3088 1452 3165 amicum,

237 3155 337 3267 *Ψ
404 3172 443 3232 ab
466 3173 533 3254 ipso
547 3193 602 3254 per
616 3184 664 3234 tot
679 3193 766 3234 casus
782 3186 952 3255 expertum,
966 3175 1191 3258 proditumque,
1206 3175 1278 3254 quia
1297 3195 1361 3235 uon
1375 3193 1450 3254 pro-

235 3235 249 3280 ⁸
303 3253 309 3268 '
378 3258 535 3336 diderat,
550 3260 687 3320 omniurn
707 3260 747 3320 ab
766 3281 800 3320 se
814 3260 999 3321 abalienavit
1012 3262 1142 3322 animos.
1197 3259 1255 3322 Pro
1277 3261 1452 3340 aequisque

403 3347 532 3407 trmrsire
562 3347 601 3406 ad
632 3345 810 3408 Romanor:
850 3346 988 3428 fugaeque
1018 3348 1176 3408 consilium
1207 3367 1319 3428 capere
1350 3346 1451 3408 solum

404 3451 498 3512 prope
528 3433 666 3494 relictum
695 3442 881 3513 coegerunt:
915 3433 1149 3517 Oroandemque
1178 3433 1369 3509 Cretensem,
1399 3433 1451 3493 cui

403 3529 479 3578 notu
492 3515 632 3581 Thraciae
646 3540 699 3580 ora
714 3531 789 3596 eret,
806 3521 879 3599 quia
898 3512 1084 3584 mercaturas
1108 3521 1139 3582 in
1163 3541 1202 3581 ea
1223 3520 1347 3600 regione
1366 3518 1452 3580 fece-

396 3616 461 3681 rat,
483 3605 627 3686 adpellat,
647 3615 682 3666 ut
704 3627 736 3666 se
758 3606 911 3666 sublatum
930 3607 963 3666 in
985 3607 1119 3667 lembum
1136 3606 1175 3666 ad
1189 3603 1303 3688 Cotym
1318 3605 1451 3666 devehe-

402 3703 458 3752 ret.
510 3689 702 3753 Demetrium
721 3703 769 3752 est
790 3705 896 3774 portus
919 3693 950 3753 in
965 3693 1176 3776 promontorio
1189 3692 1324 3775 quodam
1339 3689 1453 3753 Samo·

434 3827 522 3878 lrerbs
541 3829 634 3878 Suberat
653 3839 674 3876 et
690 3831 728 3878 ille
744 3847 774 3878 m.
792 3847 821 3879 πε
836 3833 860 3879 d.
878 3849 900 3879 a.
919 3849 940 3879 re
958 3849 982 3880 n.
996 3832 1024 3896 s.
1040 3831 1177 3894 protraheret
1192 3831 1261 3892 rigola
1284 3831 1452 3896 parentheseoe

401 3895 482 3944 intlur.
494 3894 555 3960 Rup.
670 3897 810 3943 ‘consduiere
819 3897 893 3945 Gran.
905 3897 974 3944 Crev.

401 4017 469 4064 Dure
488 4019 549 4064 enim
568 4016 689 4064 admodum
708 4017 822 4066 diceretur
834 4021 910 4067 homi·
943 4035 1006 4079 rnen,
1016 4031 1041 4068 et
1058 4031 1138 4067 notura
1149 4017 1264 4076 omnibns,
1273 4033 1320 4081 qno
1333 4019 1406 4068 sacris
1414 4034 1456 4066 ar·

403 4082 453 4128 cide
473 4083 557 4129 violare
574 4085 624 4146 ejus
641 4097 709 4144 quern
727 4083 843 4132 interfecit
858 4101 910 4132 ran·
942 4085 1110 4133 rebanturoon
1129 4086 1145 4132 ii
1160 4096 1250 4132 reamrn
1262 4085 1301 4148 qui
1312 4083 1389 4146 aliquo
1401 4100 1458 4132 rce-

401 4146 480 4207 guinc,
492 4147 567 4198 lotum
580 4149 603 4194 in
615 4163 683 4210 quem
695 4149 806 4210 confugit.
943 4150 992 4198 lere
1005 4166 1086 4198 manus
1096 4149 1239 4214 polluissent,
1251 4151 1291 4198 red
1301 4149 1388 4211 putaui
1399 4163 1457 4196 om·

435 4210 455 4242 Ν
470 4209 544 4264 Qurrm
572 4216 639 4259 omnir
662 4213 762 4277 prejirtio
786 4213 907 4276 nmmum]
942 4217 1021 4271 ner,id
1030 4231 1074 4270 err,
1082 4217 1097 4261 ii
1106 4215 1145 4278 qui
1153 4215 1313 4263 recririoitieti
1321 4229 1368 4261 non
1377 4227 1458 4262 erant.

404 4275 485 4322 Ouum
504 4276 573 4322 verba
590 4277 691 4324 solennia
712 4278 792 4339 quibus
811 4289 912 4327 utuntur
975 4281 996 4315 ὓ
1009 4278 1161 4344 Protralreret]
1175 4281 1298 4329 lodicuet.
1319 4278 1459 4346 Vid.eupra

401 4340 532 4389 sacerdotes
548 4354 669 4403 antequem
689 4357 750 4390 secra
767 4356 911 4406 peragantur,
942 4343 959 4391 l.
972 4357 1045 4399 κων.
1057 4361 1078 4392 c.
1089 4345 1129 4392 26.

403 4415 494 4453 areeant
507 4405 575 4452 ratris
586 4422 625 4453 eo
637 4409 717 4469 quibur
728 4423 790 4470 purae
800 4425 848 4456 non
858 4421 912 4458 runt
975 4406 1099 4471 ⁹3Reliqui
1116 4411 1172 4472 quid
1190 4409 1254 4472 caet]
1283 4411 1336 4460 loro
1355 4425 1407 4468 α,
1426 4422 1458 4458 ut

403 4485 493 4520 manus.
537 4471 646 4533 lotelligit
668 4473 723 4520 illud
746 4475 843 4522 solenne
861 4491 911 4523 crr-
943 4485 1022 4523 monet
1034 4473 1172 4524 Gronovius.

441 4555 447 4592 l
