3184 5225
385 366 426 428 re
585 410 595 424 ,
796 355 881 412 urrr
897 353 998 412 mvn

219 529 297 589 11,οι
307 530 365 582 deb
387 516 398 549 ‘
412 526 543 598 parterm
557 511 743 594 disjungeret
757 511 816 573 sibi
832 511 871 570 ab
886 505 1055 570 Romanis?
1101 509 1126 548 ⁴⁸
1142 506 1192 568 Ab
1217 505 1329 570 Rhodo
1344 510 1438 572 rede-

220 594 294 664 Μ·
306 595 360 649 ¹7¹⁴
387 614 486 680 untes,
501 600 627 662 Boeotite
640 617 759 677 quoque
775 596 923 672 civitates,
947 607 978 656 et
991 591 1125 671 Thebas,
1149 605 1181 656 et
1195 591 1384 673 anaearn,
1400 608 1436 658 et

387 687 573 763 Haliartum,
598 684 758 745 adierant:
791 682 900 763 quibus
926 700 1100 761 expressum
1117 680 1219 741 invitia
1234 681 1435 743 existimaba-

386 786 451 852 tnr,
482 785 526 848 ut,
563 770 670 831 relicta
698 769 782 850 regia
812 769 970 846 societate,
1008 765 1155 828 Romanis
1186 765 1435 848 adjungerentur.

385 858 526 922 Thebani
541 857 617 918 nihil
633 855 711 918 moti
725 867 815 917 sunt:
839 871 1023 935 quamquam
1049 852 1199 929 nonnihil,
1222 866 1253 914 et
1279 853 1437 914 damnatis

384 944 583 1027 principibus,
605 954 638 1004 et
665 941 813 1004 restitutis
834 941 998 1016 exsulibus,
1024 939 1244 1000 succursebant
1272 937 1437 1000 Romanis.

386 1018 524 1092 Cdronaei
538 1041 571 1091 et
585 1027 738 1105 Haliartii,
764 1027 866 1088 favore
891 1027 1024 1107 quodam
1039 1027 1132 1087 insito
1148 1023 1179 1086 in
1195 1045 1290 1106 reges,
1314 1026 1434 1106 legatos

385 1117 417 1180 in
432 1114 649 1177 Macedoniarn
663 1113 820 1189 miserunt,
844 1113 1014 1194 praesidium
1030 1123 1180 1193 petentes,
1200 1131 1261 1190 quo
1275 1131 1308 1171 se
1322 1112 1435 1172 adrer-

386 1222 438 1262 sns
462 1203 654 1283 inpotentem
681 1200 851 1281 superbiam
875 1197 1091 1260 Thebanorum
1107 1198 1185 1259 tueri
1201 1198 1325 1278 possint.
1369 1195 1431 1258 Cui

385 1287 531 1366 legationi
558 1306 735 1367 responsum
762 1287 800 1347 ab
827 1305 898 1366 rege
921 1295 1002 1362 est‘,
1027 1285 1038 1316 ‘
1049 1283 1221 1365 presidium
1247 1303 1279 1343 se
1306 1295 1434 1364 propter

386 1371 548 1438 ‘inducias
572 1393 644 1432 cum
671 1371 819 1434 Romania
842 1371 938 1432 factas
965 1371 1087 1431 mittere
1111 1389 1173 1430 non
1195 1389 1302 1451 posse:
1325 1380 1432 1430 tamen

387 1456 397 1488 ‘
411 1457 548 1535 suadere,
575 1457 619 1518 ita
632 1477 652 1516 a
664 1455 880 1518 Thebanorum
895 1455 1021 1537 injuriis,
1037 1477 1098 1537 qua
1112 1471 1247 1538 possent,
1269 1467 1303 1516 ut
1317 1475 1350 1514 se
1364 1455 1433 1516 vin·

387 1542 559 1618 ‘dicarent
574 1563 613 1602 ne
630 1540 775 1602 Romanis
791 1544 960 1621 praeberent
975 1561 1112 1604 caussam
1128 1542 1160 1601 in
1175 1561 1209 1600 se
1224 1539 1388 1602 saeviendi.’

429 1625 560 1688 XLVII.
583 1624 720 1688 Marcius
742 1637 774 1687 et
788 1626 901 1688 Atilius
924 1627 1054 1688 Romam
1081 1645 1174 1704 quum
1199 1626 1361 1702 venissent,
1389 1626 1434 1687 le-

386 1715 541 1796 gationem
565 1713 596 1773 in
621 1711 774 1793 Capitolio
801 1712 846 1773 ita
870 1711 1093 1789 renuntiarunt,
1115 1721 1150 1772 ut
1174 1710 1259 1771 nulla
1281 1733 1314 1772 re
1333 1713 1433 1792 magis

378 1800 598 1881 gloriarentur,
614 1819 706 1879 quam
721 1798 853 1879 decepto
869 1817 923 1879 per
938 1797 1073 1858 inducias
1087 1807 1119 1856 et
1134 1816 1219 1879 spem
1241 1797 1326 1878 pacis
1349 1817 1432 1878 rege.

386 1886 502 1947 ‘Adeo
514 1885 597 1946 enim
619 1884 814 1966 adparatibus
838 1883 908 1944 belli
932 1883 1024 1944 fuisse
1046 1883 1238 1960 instructum,
1262 1883 1335 1964 ipsis
1349 1884 1454 1944 nulla*

388 1972 399 2004 ‘
413 1983 577 2055 peratore,
592 1982 627 2033 ut
640 1970 745 2032 omnia
759 1982 934 2052 opportuna
948 1969 1017 2030 loca
1031 1969 1235 2051 preoccupari
1254 1981 1326 2031 ante
1341 1970 1379 2029 ab
1393 1989 1433 2030 eo

307 2117 312 2126 ,
387 2058 398 2091 ‘
413 2058 578 2139 potuerint,
589 2077 679 2136 quam
695 2057 845 2118 exereitus
868 2056 901 2116 in
915 2053 1063 2116 Graeciam
1079 2053 1279 2135 trajiceretur.
1324 2052 1434 2137 Spatia

388 2142 399 2177 ‘
413 2155 517 2206 autem
529 2143 718 2204 induciarum
730 2135 841 2219 sumto,
853 2153 1011 2203 venturum
1023 2141 1108 2202 illum
1119 2142 1216 2202 nihile
1228 2141 1410 2223 paratiorem
1417 2163 1430 2218 3

388 2231 402 2285 ‘‚
413 2227 570 2292 Romanos
587 2229 744 2316 ¹omnibus
777 2228 986 2289 instructiores
1012 2228 1101 2288 rebus
1127 2239 1278 2310 coepturos
1309 2227 1432 2288 bellum.

387 2313 591 2378 (Boeotorum
612 2336 733 2395 quoque
758 2334 790 2375 se
821 2314 983 2376 concilium
1007 2323 1071 2375 arte
1097 2313 1280 2390 distraxisse,
1303 2333 1342 2373 ne
1356 2333 1432 2373 con·

388 2400 498 2482 ‘jungi
513 2401 642 2482 amplius
656 2401 720 2462 ullo
734 2419 883 2462 consensu
906 2398 1127 2462 Macedonibus
1151 2397 1299 2482 possent!
1346 2397 1434 2477 Haec,

388 2498 425 2548 ut
448 2506 569 2548 summa
591 2487 708 2546 ratione
734 2497 815 2562 acta,
849 2505 960 2566 magna
984 2505 1053 2567 pars
1078 2497 1198 2546 senatus
1220 2485 1431 2568 adprobabat:

330 2595 337 2609 ·
355 2618 367 2631 .
387 2583 506 2635 veteres
520 2582 553 2633 et
566 2570 659 2634 moris
677 2571 794 2651 antiqui
817 2591 967 2633 memores
989 2573 1152 2655 negabant,
1175 2571 1233 2632 ‘se
1249 2573 1279 2631 in
1295 2592 1332 2633 ea
1347 2573 1433 2652 lega-

329 2698 336 2712 ·
389 2657 500 2719 ‘done
519 2656 675 2719 Romanas
694 2677 858 2738 agnoscere
873 2669 964 2719 artes.
1008 2657 1079 2721 Non
1102 2678 1155 2740 per
1170 2657 1293 2718 insidias
1308 2670 1341 2719 et
1355 2678 1432 2717 noe-

390 2745 507 2806 ‘turna
540 2743 657 2824 proelia,
691 2764 748 2804 nec
785 2743 958 2805 simulatam
994 2744 1097 2826 fugam
1124 2743 1357 2825 inprovisosque
1392 2743 1432 2804 ad

390 2831 571 2892 ‘incautum
597 2830 716 2891 bostem
743 2829 868 2907 reditus,
891 2850 947 2891 nec
970 2841 1004 2891 ut
1028 2842 1095 2892 astu
1119 2829 1226 2910 magis,
1247 2848 1339 2909 quarn
1362 2838 1434 2889 vera

390 2916 536 2993 ‘vitane
569 2915 781 2996 gloriarentur,
815 2916 895 2989 bella
928 2914 1057 2998 majores
1084 2917 1221 2998 gessisse.
1254 2918 1287 2967 ‘l
1298 2914 1433 2975 indicere

390 3002 509 3083 ‘priua
531 3021 621 3083 quam
646 3022 761 3082 gerere,
783 3002 889 3063 solitos
916 3003 1006 3079 bella,
1029 3001 1212 3063 denunciare
1234 2998 1347 3077 etiam3
1383 2999 1432 3060 in-

391 3087 538 3150 ‘teadum
554 3086 653 3150 locum
669 3086 765 3164 finire,
788 3088 820 3148 in
836 3108 895 3170 quo
910 3087 1080 3148 dimicaturi
1097 3098 1206 3149 essent.
1243 3086 1357 3147 Eadem
1372 3085 1433 3146 tide

390 3172 584 3235 (indicatum
597 3170 712 3254 Pyrrho
726 3173 790 3253 regi
807 3174 969 3251 medicum,
980 3174 1048 3234 ritae
1061 3172 1126 3254 ejus
1143 3172 1356 3234 insidiantem:
1381 3190 1433 3231 ea-

389 3259 400 3291 ‘
414 3259 487 3321 dem
502 3263 527 3299 ⁵¹
536 3257 660 3320 Faliscis
670 3259 805 3321 vinctum
816 3260 962 3321 traditum
974 3258 1160 3339 proditorem
1172 3258 1333 3319 liberorum
1345 3258 1435 3339 regis.

389 3345 400 3377 ‘
415 3343 491 3405 Hac
504 3343 645 3407 Romane
655 3366 732 3422 esse,
743 3366 806 3406 non
817 3345 1014 3409 versutiarum
1028 3342 1220 3421 Punicarum,
1235 3364 1332 3423 neque
1348 3343 1435 3404 calli-

390 3430 520 3491 ‘ditatis
534 3428 663 3492 Graeca:
687 3432 768 3512 apud
782 3452 857 3511 quos
873 3431 976 3492 fallere
991 3430 1121 3509 hostem,
1134 3450 1226 3509 qnam
1239 3430 1267 3489 vi
1282 3448 1434 3510 superare,

390 3516 401 3550 ‘
415 3514 574 3595 gloriosius
587 3515 689 3577 suerit.
733 3515 889 3578 Interdum
912 3517 942 3577 in
968 3536 1095 3597 presens
1111 3527 1231 3597 tempus
1246 3516 1311 3597 plus
1327 3514 1433 3596 profici

390 3600 499 3679 idolo,
510 3620 602 3681 pram
613 3602 743 3664 virtute:
768 3603 823 3664 sed
837 3601 902 3683 ejus
917 3602 1040 3663 &mum
1056 3602 1190 3663 animum
1205 3601 1236 3662 in
1251 3612 1435 3683 purpetuum

812 3730 824 3755 ¹
839 3732 869 3772 ert
879 3723 924 3772 del.
936 3726 1005 3775 Cret.

419 3837 442 3875 ⁴9
454 3834 576 3889 ΔΝΜ
584 3833 896 3897 mandaveruntque
926 3840 965 3887 cui
975 3840 1085 3888 indictum
1096 3840 1222 3898 brentam
1232 3839 1313 3887 saltem
1322 3841 1349 3887 ed
1361 3840 1437 3904 proni·

387 3902 496 3964 mn]
512 3901 621 3963 Polybius
629 3900 821 3960 direreoelegetoe
832 3902 894 3950 Rbo·
927 3920 990 3953 num
1002 3908 1026 3953 in
1036 3906 1117 3953 linibus
1126 3905 1267 3969 presidium.
1297 3905 1439 3969 Videepre,

387 3966 444 4012 dune
463 3976 488 4012 et
506 3966 531 4013 in
549 3966 662 4015 Breotieen
680 3966 760 4013 missae
773 3967 895 4015 eaeedm
925 3970 942 4017 1.
954 3982 1029 4017 xxxi.
1041 3974 1095 4019 ad.

388 4028 545 4089 merlam.
557 4033 629 4081 ibet
642 4031 681 4079 66.
713 4028 782 4083 Quod
791 4032 843 4079 ideo
853 4032 895 4079 ob·
958 4033 980 4066 ⁵¹
997 4032 1087 4083 Falleris
1103 4036 1199 4081 nimum
1214 4034 1322 4081 nuditate
1336 4036 1436 4095 predito-

389 4106 514 4149 eervarnue,
524 4095 576 4155 quia
588 4095 721 4155 ceteroquin
737 4111 792 4143 eum
809 4098 833 4143 in
853 4098 897 4145 hee
927 4114 973 4145 rere
988 4098 1103 4147 liberarem
1120 4098 1189 4163 regie]
1206 4100 1310 4158 Sigonius
1319 4099 1434 4147 existimet

388 4157 453 4212 anai
473 4158 601 4208 aeneum
619 4161 723 4222 nequem
743 4172 769 4209 et
789 4162 896 4209 erecnbit
928 4162 983 4210 alios
999 4162 1037 4211 bit
1050 4175 1153 4213 rumores
1163 4175 1266 4211 secutum
1278 4178 1326 4211 esee
1338 4162 1437 4222 livium,

387 4232 475 4274 mer·
929 4244 997 4291 quem
1016 4244 1072 4291 quoe
1088 4240 1180 4277 secutur
1195 4241 1229 4277 eet
1248 4230 1272 4276 in
1290 4230 1337 4292 ipre
1346 4242 1371 4275 re
1383 4242 1436 4275 ner·

419 4286 444 4321 ³⁰
460 4284 559 4334 indicere
570 4289 749 4351 ..nluabelln
763 4292 898 4341 duraverim
928 4295 1007 4353 tenda,
1027 4308 1094 4356 supra
1112 4293 1128 4340 l.
1139 4306 1163 4339 v.
1185 4308 1208 4342 o.
1226 4294 1265 4343 27.
1304 4290 1435 4341 Gronovius

387 4350 465 4415 etun]
484 4349 578 4400 Bellum
594 4352 734 4403 indicebatur
753 4358 898 4405 manuele·
929 4357 975 4417 legi
995 4372 1060 4419 poree
1087 4368 1153 4422 putet
1171 4359 1303 4418 prm
1321 4356 1438 4407 illvm

388 4426 454 4465 creta
469 4431 497 4465 et
512 4415 590 4480 papuli
606 4415 685 4479 jurent
702 4429 754 4469 turn
767 4422 894 4471 denuncie-
927 4422 1062 4486 rugientes.

387 4479 455 4537 baeer
467 4481 505 4533 rel
522 4482 568 4547 ipsi
585 4482 666 4547 inique
682 4486 731 4546 regi
748 4497 790 4535 eut
804 4486 896 4551 populo,
