3184 5225
494 374 571 434 aru.
590 376 673 437 xm
696 342 779 437 c'ar.
796 374 881 437 xvr.
1170 384 1209 446 17
1261 466 1266 476 .

149 536 179 573 ‘⁶
192 529 241 594 M.
256 528 391 593 Titinius
404 539 437 591 et
446 526 485 591 T.
497 527 644 593 Fonteius
659 533 856 614 proconsules
869 548 991 596 manere
1006 552 1075 593 oum
1090 532 1201 597 eodem
1217 527 1249 578 U.
1260 529 1291 579 ⁰·
1300 527 1361 579 ⁵⁷⁶³

152 618 273 701 imperii
285 614 354 699 jure
370 616 401 677 in
418 613 569 697 Hispania
580 615 656 697 jussi
669 640 678 679 r
690 629 722 679 et
736 634 771 681 ut
786 620 819 679 in
830 618 1074 700 supplementum
1084 620 1200 683 histria
1213 591 1246 648 ³·
1257 595 1286 644 c·
1301 592 1355 645 ¹⁷⁶⁶
1372 648 1377 694 g

154 705 254 767 millia
276 703 385 767 civium
400 700 610 766 Romanorum
627 724 696 765 cum
719 704 873 785 equitibus
894 706 1043 782 ducentis,
1066 706 1198 788 quinque

152 790 252 853 millis
268 790 383 851 socitlrn
397 786 497 849 Latini
519 788 651 849 nominis
666 800 698 850 et
712 791 841 851 trecenti
856 791 974 869 equites
993 792 1198 856 mitterentur.

197 873 283 938 XVI.
305 872 423 937 launa
445 872 528 937 ferie
552 873 634 937 fuere
657 886 729 936 sate
752 875 835 937 diem
850 876 973 937 tertium
987 875 1094 939 Nonas
1109 876 1200 957 Maii,

154 964 187 1025 in
202 962 320 1043 quibus,
332 961 404 1041 quia
418 960 450 1021 in
465 980 527 1021 una
540 959 640 1021 hostia
661 959 856 1040 magistratus
869 958 1043 1024 Lanuuinus
1057 976 1200 1044 precatus

154 1058 301 1124 nouerat,
317 1044 602 1129 ‘populoRomano
612 1044 795 1124 Quiritium,'
808 1046 946 1127 religioni
956 1046 1024 1109 fuit.
1059 1046 1096 1109 ld
1107 1070 1199 1129 quum

154 1134 194 1196 sd
204 1144 346 1195 serratum
361 1132 491 1196 relatum
499 1144 591 1208 esset,
602 1144 783 1213 senatusque
795 1132 835 1193 ad
845 1131 1024 1214 pontificum
1036 1133 1199 1215 collegium

153 1219 310 1301 rejecisset
318 1241 329 1297 3
353 1217 557 1299 pontificibus,
579 1218 651 1299 quia
673 1238 735 1280 nou
756 1230 839 1280 recte
853 1218 941 1280 iaetae
955 1216 1070 1281 latinae
1085 1232 1199 1297 essent,
1247 1256 1254 1267 ι

153 1305 329 1368 instauratis
358 1302 498 1386 Latinis,v
514 1304 631 1387 placuit
652 1301 843 1382 *Lanuvinus
873 1324 1000 1384 quorum
1026 1326 1120 1387 opera
1149 1305 1198 1367 in·

153 1402 294 1455 emutatus
308 1400 422 1468 essent,
445 1390 560 1453 hostias
575 1390 718 1472 prebere.
761 1388 995 1453 Accesseretad
1009 1390 1211 1473 religionem,

155 1478 238 1558 quod
252 1476 310 1539 Cn.
322 1476 481 1539 Cornelius
505 1476 622 1553 consul,
644 1498 684 1539 ex
703 1486 810 1539 moute
823 1475 945 1539 Albano
966 1477 1096 1556 rediens,
1122 1499 1197 1542 con.
1210 1483 1313 1537 comsit

155 1564 250 1627 cidit:
282 1576 325 1639 et,
356 1573 441 1645 parte
467 1564 670 1625 membromm
701 1573 820 1645 ceptus,
853 1562 1022 1645 aquuas
1045 1550 1345 1628 eumanassetm·

155 1649 309 1731 profectus
331 1649 560 1729 ingravescente
582 1650 700 1727 morbo,
726 1646 832 1711 Cumis
854 1648 995 1713 decessit.
1038 1647 1101 1713 Sed
1126 1650 1199 1713 inde

154 1745 289 1798 mortuus
306 1734 437 1797 Romam
452 1735 584 1812 adlatus,
607 1745 640 1797 et
661 1734 767 1797 funere
791 1734 955 1815 magnifico
979 1735 1076 1798 elatus
1096 1738 1198 1819 sepul·

154 1834 261 1903 traque
289 1832 347 1883 est.
399 1819 542 1883 Pontifex
570 1820 652 1883 idem
666 1874 668 1879 .
682 1820 791 1883 iuerat.
845 1819 958 1883 Consul
988 1821 1027 1892 Q.
1051 1820 1199 1902 Petillius,

155 1908 394 1990 quamprimum
415 1927 471 1990 per
493 1907 629 1989 auspicia
650 1918 764 1989 posset,
790 1908 914 1989 college
932 1908 1124 1990 subrogando
1144 1930 1200 1971 co·
1283 1921 1288 1929 ‘

154 1994 242 2055 mitia
266 1994 377 2055 babere
395 1992 506 2075 jussus,
529 2005 561 2055 et
585 1991 710 2055 Latinas
737 1993 870 2055 edicere'
889 1995 1015 2057 comitia
1037 1995 1104 2056 ⁶⁷in
1127 2008 1200 2059 ante

156 2080 235 2143 diem
251 2080 376 2143 tertium
391 2076 498 2141 Nonas
514 2074 655 2157 Sextiles,
677 2076 804 2141 Latina
826 2080 858 2141 in
880 2090 951 2141 sate
971 2081 1053 2143 diem
1074 2083 1201 2143 tertium
1211 2092 1322 2156 Ριοᾱςῐι.

157 2164 228 2253 ldus
243 2162 375 2228 Sextiles
390 2164 497 2227 edixit.
542 2162 641 2227 Plenis
656 2165 836 2247 religionum
851 2166 970 2243 animis,
992 2166 1133 2247 prodigia
1153 2168 1200 2229 in-

155 2272 245 2333 super
259 2252 426 2316 nunciata:
448 2248 575 2313 Tusculi
584 2251 689 2313 lacem
711 2251 743 2313 in
763 2251 843 2313 coelo
856 2252 963 2328 msam,
985 2250 1091 2313 Gabiis
1105 2252 1202 2316 aedem

156 2338 309 2420 Apollinis
338 2350 371 2399 et
398 2337 514 2419 priuata
542 2336 671 2400 edificia
700 2337 867 2419 complura,
900 2334 1052 2399 Graviscis
1080 2357 1201 2400 murum

156 2434 341 2507 portamque
357 2422 395 2483 de
409 2424 485 2485 coelo
506 2432 601 2485 tacta.
645 2420 692 2485 Ea
715 2433 817 2503 patres
841 2421 1007 2503 procurari,
1029 2422 1074 2485 uti
1097 2425 1201 2505 ponti·

157 2510 231 2571 lices
247 2509 441 2585 censuissent,
458 2506 620 2588 jusserunt.
664 2507 748 2569 Dum
769 2507 909 2571 consules
924 2508 1055 2589 primum
1077 2509 1202 2592 religio-

155 2617 220 2674 nes,
243 2595 356 2658 deinde
371 2594 497 2658 alterum
519 2594 642 2658 alterius
656 2615 749 2672 mors,
770 2604 804 2656 et
818 2594 955 2672 comitia,
977 2605 1009 2656 et
1023 2592 1203 2661 latinarum

156 2681 390 2744 instaurationes
413 2681 583 2763 inpediunt,
606 2680 728 2743 iuterim
751 2677 789 2742 C.
804 2679 949 2742 Claudius
970 2681 1137 2744 exercitum
1160 2683 1202 2744 ad

156 2765 323 2844 Mutinam,
354 2785 445 2847 quern
474 2763 600 2847 Ligures
628 2767 728 2848 priore
759 2786 841 2828 atino
870 2779 1025 2848 ceperant,
1054 2767 1199 2831 admovit.

156 2854 274 2918 eante
304 2852 449 2928 triduum,
478 2873 569 2934 quam
599 2852 774 2934 obpugnare
805 2864 950 2935 caeperat,
968 2864 1132 2940 'receptam
1161 2873 1201 2916 ex

157 2941 293 3002 hostibus
322 2939 438 3001 colonis
464 2937 606 3001 restituit.
649 2937 730 3001 Octo
756 2937 853 2999 millia
878 2938 920 2998 ibi
946 2935 1091 3020 Ligurum
1120 2939 1203 3001 intra

155 3046 256 3088 muros
283 3046 379 3103 ωας
409 3024 559 3106 litemque
585 3022 716 3086 Romam
746 3024 902 3107 extemplo
931 3024 1061 3106 scriptae,
1091 3026 1201 3104 quibus
1280 3052 1283 3058 ·
1368 3051 1373 3060 ·

155 3133 216 3174 non
231 3111 405 3174 madorem
420 3120 596 3192 exponeret,
618 3111 673 3172 sed
696 3111 790 3172 etiam
810 3110 1000 3192 gloriaretur,
1021 3131 1077 3172 sus
1089 3111 1200 3174 uirtrrte

156 3219 194 3258 ac
209 3197 353 3258 felicitate
377 3197 530 3258 neminem
548 3195 613 3278 jam
635 3196 679 3258 cis
694 3195 787 3278 Alpes
812 3197 933 3259 hostem
955 3196 1061 3278 populi
1083 3195 1199 3258 Roma·

157 3283 212 3344 ni:
237 3285 262 3322 ⁸⁹
274 3284 396 3364 agrique
418 3283 605 3362 aliquantum
628 3296 763 3366 ceptum,
789 3282 842 3364 qui
861 3281 965 3342 multis
987 3282 1119 3343 millibus
1140 3283 1199 3344 ho·

159 3368 276 3431 minum
291 3369 382 3430 dividi
396 3368 508 3431 viritim
527 3380 639 3451 posset.

224 3611 310 3664 potest,
327 3617 356 3649 sn
374 3616 403 3650 ex
421 3600 467 3650 hoe
485 3616 533 3651 ano
550 3601 601 3650 loco
618 3601 660 3648 de·
692 3599 800 3662 loquendi
811 3615 882 3649 more.
1203 3622 1207 3630 ’
1365 3647 1369 3654 ,

215 3667 246 3714 eti
268 3666 378 3714 miseram
396 3668 421 3715 in
439 3669 531 3715 modurn
548 3667 600 3714 libri
617 3666 660 3713 boe
723 3663 747 3699 ⁶⁸
762 3665 821 3712 Ante
845 3665 954 3722 triduam,
982 3679 1047 3726 quom
1071 3681 1198 3731 oppugnare
1297 3677 1301 3684 '
1366 3667 1369 3676 '

155 3731 250 3778 verbum
271 3731 326 3778 elias
347 3733 486 3792 incognitum
515 3733 539 3779 ia
560 3730 660 3791 linguam
692 3737 793 3792 caperat,
809 3727 925 3790 marn]
949 3728 974 3774 lli
994 3728 1044 3775 hese
1062 3745 1115 3778 eene
1133 3743 1198 3790 urat,

154 3793 264 3843 Latinam
275 3795 342 3843 faede
351 3797 516 3845 admittendam
526 3796 564 3844 u't.
692 3809 771 3842 sensus
787 3803 839 3842 erte
859 3793 939 3842 Quum
950 3793 1072 3855 recepisset
1082 3809 1142 3851 eam,
1155 3809 1197 3842 aa·

187 3857 210 3892 ⁶⁶
227 3859 265 3908 M.
285 3860 381 3907 Titinius
397 3872 419 3910 et
436 3861 463 3909 Τ.
480 3860 660 3910 Γυηίείω,.ωα·
693 3870 784 3922 tequam
796 3858 896 3907 triduum
908 3859 1008 3922 elapsum
1024 3869 1093 3915 esset,
1110 3873 1197 3922 exquo

155 3938 225 3972 mre.
238 3927 281 3972 ‚ia
296 3923 403 3985 Hiqnnr'a
412 3924 482 3990 jurei]
507 3927 661 3989 Hine-eppe.
692 3939 822 3990 oppugnare
843 3934 950 3986 coeperrt.
990 3922 1037 3970 Sed
1061 3923 1197 3987 pleramque

158 3987 245 4036 ret.T.
256 3989 362 4046 Fonteio,
382 3991 419 4055 qai
438 3991 508 4040 tertio
526 4002 580 4038 ente
601 4005 661 4037 anno
693 3989 758 4050 longe
782 3989 849 4036 eliam
870 3990 915 4036 vim
941 3988 1013 4035 babet
1034 3988 1085 4036 brec
1106 3988 1198 4038 formu·

157 4063 244 4116 prester
255 4053 310 4110 tait,
326 4053 459 4120 Hispaniam
473 4055 520 4120 jem
535 4068 591 4104 tuae
602 4054 659 4101 obti-
691 4054 714 4102 la
733 4054 850 4117 loquendi,
868 4066 902 4110 et,
922 4051 943 4099 si
960 4052 1027 4100 solito
1044 4068 1108 4102 more

155 4116 222 4178 site,
238 4119 364 4179 etqttidem
375 4121 517 4178 ulteriorem,
531 4137 601 4183 quum
612 4119 660 4167 rol·
693 4129 795 4176 astetur,
815 4134 895 4166 sensus
913 4129 974 4164 esset
989 4117 1101 4166 caloniam
1119 4069 1197 4168 tm

154 4181 205 4240 lege
219 4181 271 4245 ejus
285 4183 323 4232 M.
333 4183 434 4234 'l'niniue
448 4185 577 4235 citeriorem
598 4183 660 4232 obti-
693 4195 748 4232 ente
758 4195 883 4245 receptam,
901 4197 968 4244 quern
983 4184 1106 4248 oppugnari
1122 4195 1196 4248 ccepts

156 4247 244 4304 eterit,
259 4251 585 4300 momenmentum
694 4260 761 4297 esset.
796 4247 865 4296 Quod
877 4261 947 4309 quara
961 4248 1081 4296 absurdum
1096 4248 1134 4305 rit,
1148 4264 1197 4297 noa

185 4309 207 4346 ⁶⁷
226 4311 256 4358 ln
277 4322 329 4360 mate
348 4315 405 4363 diem
424 4316 513 4364 terrim
530 4313 604 4362 Nonas
616 4349 622 4360 .
634 4346 660 4362 ..
694 4315 810 4362 immerito
833 4312 966 4361 Perizonius
986 4316 1106 4362 emendet:
1135 4317 1197 4362 intro

156 4377 181 4422 ie
201 4385 252 4423 ente
276 4378 334 4425 dien
358 4382 448 4428 tertiwn
469 4379 534 4443 idue]
560 4379 661 4427 Perierat
693 4380 801 4426 triduum.

157 4440 275 4501 utrobique
292 4443 371 4491 rocula
389 4453 449 4504 mue.
480 4443 538 4492 Eam
560 4443 662 4492 restituit
724 4441 747 4478 ⁶⁹
762 4443 861 4506 Agrique
886 4443 1034 4507 etiamtum]
1066 4441 1116 4492 Hic
1142 4455 1197 4507 per·

154 4503 263 4570 Sigonius
273 4521 302 4554 er
313 4509 405 4560 solenni
415 4509 473 4558 livii
490 4521 515 4560 et
531 4520 670 4570 ceterarum,
693 4509 796 4574 spicuam
826 4518 863 4559 ert
890 4508 1028 4572 digammon
1056 4508 1118 4558 idem
1145 4522 1196 4557 esse
