3184 5225
401 372 473 444 roa
761 360 766 367 '
819 380 904 438 rm
921 382 1024 441 auur

230 548 368 601 uesta.
395 537 614 602 Macedoniam
643 535 772 613 misisse,
802 555 894 618 quum
928 536 1104 619 interrogati
1137 555 1199 597 non
1229 536 1448 621 inficierentur,

230 612 370 669 mm·
397 624 505 709 ‘apud
520 621 628 683 Persea
650 620 797 703 majorem
820 642 978 686 numerum
1000 622 1238 703 sagittariorum,
1254 643 1347 705 quam
1366 627 1449 708 a'pud

397 713 409 747 ‘
423 711 589 783 Romanos,
604 704 758 789 militare}
775 728 953 789 responsum
969 718 1032 770 est:
1055 706 1114 769 ‘si
1130 706 1292 773 Cretenses
1307 711 1387 773 bene
1409 734 1448 775 ac

396 794 560 877 ‘gnaviter
582 793 772 856 destinarent
795 794 947 876 potiorem
970 794 1075 878 populi
1091 793 1234 874 Romani,
1250 816 1343 877 quam
1367 800 1447 881 regis

398 879 536 956 ‘Persen
560 880 727 942 amicitiam
754 880 878 958 habere,
902 893 1040 943 senatum
1062 900 1183 963 quoque
1201 880 1377 947 Romanum
1400 886 1449 965 iis,

400 967 582 1045 ‘tamquam
603 967 693 1028 certis
716 967 817 1037 sociis.
833 987 1010 1049 responsum
1028 966 1170 1029 daturum
1190 988 1269 1030 esse.
1325 968 1447 1036 interea

399 1054 412 1085 ‘
426 1048 605 1115 nunciarent
619 1053 691 1130 suis,
706 1054 828 1135 placere
843 1054 973 1132 senatui,
990 1053 1061 1115 dare
1076 1074 1201 1136 operum
1214 1053 1383 1136 Cretenses,
1399 1068 1446 1136 ut,

400 1139 411 1171 ‘
426 1158 501 1220 quos
516 1138 628 1200 milites
643 1142 670 1178 ³¹
680 1138 784 1201 intrab
795 1138 936 1223 praesidia
947 1140 1025 1221 regis
1037 1138 1135 1201 Persei
1148 1140 1305 1217 heberent,
1317 1162 1368 1204 eos
1381 1144 1448 1225 pri·

401 1224 411 1257 ‘
427 1245 478 1285 mo
493 1244 613 1305 quoque
628 1237 766 1308 ternpore
781 1226 906 1288 domum
922 1224 1118 1288 revocarent!
1163 1225 1355 1289 Cretensibus
1374 1249 1447 1291 cum

238 1323 375 1375 curteum·
401 1311 461 1373 hoc
476 1330 621 1392 responso
633 1311 775 1391 dimissis,
787 1310 1004 1375 Chalcidenses
1019 1312 1133 1389 vocati3
1154 1315 1180 1351 ³³
1191 1333 1317 1394 quorum
1331 1314 1447 1396 legatio

238 1405 275 1439 Μ
284 1388 361 1453 ¹08²st-
402 1397 468 1478 ipso
479 1396 615 1476 introitu,
628 1399 668 1459 ob
679 1398 711 1459 id
723 1399 806 1479 quod
816 1397 950 1462 Mietioc
962 1399 1102 1481 princeps
1117 1418 1221 1461 comm
1232 1400 1359 1481 pedibus
1371 1420 1447 1483 cep-

402 1496 451 1545 tus
472 1482 583 1545 lectica
604 1494 651 1545 est
668 1484 851 1563 introlatus,¹
863 1484 977 1547 ultimae
1000 1485 1187 1547 necessitatis
1210 1486 1365 1569 extemplo
1387 1483 1465 1548 visa¹

404 1590 466 1631 res:
485 1573 512 1608 ⁸⁴
522 1570 553 1631 in
565 1592 625 1651 qua
636 1570 680 1631 ita
690 1570 813 1634 adfecto
824 1571 979 1633 excusatio
990 1570 1180 1649 valetudinis,
1194 1584 1246 1633 aut
1259 1592 1297 1633 ne
1309 1572 1368 1653 ipsi
1380 1572 1450 1653 qui·

241 1661 391 1739 deoe'd,
403 1652 474 1717 dem
485 1656 618 1737 petenda
627 1657 692 1718 risa
702 1656 790 1736 foret,
804 1670 857 1719 aut
869 1658 941 1719 data
950 1656 1065 1739 petenti
1077 1678 1138 1720 non
1150 1668 1239 1721 esset.
1276 1656 1379 1727 Quum
1390 1659 1450 1720 sibi

239 1749 307 1818 Mag.
322 1752 391 1801 hora
403 1741 479 1803 nihil
493 1742 551 1803 vivi
569 1743 728 1824 reliquum,
743 1755 946 1826 preterquam
959 1740 1095 1824 linguam
1112 1744 1151 1805 ad
1173 1743 1376 1827 deplorandas
1391 1766 1449 1827 pa-

404 1829 469 1891 triae
484 1849 544 1891 suae
559 1830 759 1908 calamitates,
771 1829 912 1913 praefatus
925 1842 1014 1907 esset,
1027 1830 1168 1911 exposuit
1178 1830 1309 1892 civitatis
1320 1830 1451 1912 primum

405 1935 465 1976 sua
479 1914 650 1993 benefacta,
666 1926 697 1975 et
711 1928 825 1994 vetera,
841 1926 872 1979 et
887 1936 933 1993 ea,
949 1936 1013 1998 quae
1028 1914 1125 1979 Persei
1144 1915 1226 1977 bello
1241 1917 1452 1997 praestitissent

406 2001 532 2062 ducibus
552 2001 792 2083 exercitibusque
812 2001 974 2064 Romanis:
1000 2016 1067 2064 tum
1083 2022 1148 2085 quae
1166 2003 1265 2082 primo
1286 2000 1321 2063 C.
1338 2000 1451 2063 Lucre·

404 2085 465 2146 tius
482 2088 513 2147 in
528 2087 688 2170 populares
704 2108 774 2149 suos
789 2099 898 2169 praetor
910 2086 1066 2149 Romanus
1081 2088 1220 2169 superbe,
1232 2107 1331 2165 avare,
1342 2087 1452 2149 crude·

405 2172 475 2234 liter
498 2172 636 2235 fecisset:
664 2174 774 2235 deinde
795 2194 860 2255 quae
882 2185 948 2235 tum
970 2193 1040 2235 curn
1064 2174 1197 2234 maxime
1219 2171 1254 2233 b.
1271 2171 1452 2235 Hortensius

407 2256 531 2320 faceret.
568 2257 835 2328 Quemadmodum
847 2260 952 2321 omnia
963 2259 1030 2336 sibi,
1041 2259 1133 2319 etiarn
1149 2258 1197 2336 iis,
1209 2278 1276 2341 quae
1287 2260 1452 2341 patiantur,

406 2344 549 2422 tristiora,
565 2345 710 2428 patienda
731 2366 795 2407 esse
818 2345 932 2406 ducant
945 2345 1058 2428 potius,
1074 2364 1164 2425 quam
1180 2365 1212 2405 se
1228 2344 1344 2407 dedant
1360 2344 1455 2407 Persi.

405 2428 525 2499 ‘Quod
544 2429 584 2490 ad
604 2430 778 2492 Lucretium
793 2430 1052 2512 Hortensiumque
1072 2430 1233 2508 adtineret,
1253 2431 1341 2510 scire,
1357 2432 1453 2492 tutius

405 2514 418 2548 ‘
433 2513 524 2574 fuisse
540 2515 680 2576 claudere
692 2527 806 2596 portas,
818 2538 908 2597 quam
924 2518 955 2577 in
967 2518 1071 2578 urbem
1084 2536 1135 2577 eos
1152 2517 1300 2597 accipere.
1338 2514 1455 2587 ³⁵Qut¹

406 2598 627 2661 ‘exclusissent
636 2597 1314 2684 eos,Emathiam‚Amphipolim,·Maroneam,
1322 2599 1455 2682 AEnum,

406 2685 418 2716 ‘
432 2685 598 2746 incolumes
614 2705 693 2746 esse:
712 2687 794 2768 apud
806 2707 838 2747 se
849 2687 965 2770 templu
979 2689 1119 2748 omnibus
1132 2689 1316 2749 ornamentis
1332 2689 1453 2772 compi·

405 2770 511 2848 ‘lata3
536 2773 563 2810 ³⁶
576 2772 764 2852 spoliataque
784 2773 971 2856 sacrilegiise
992 2772 1028 2835 C.
1044 2771 1215 2835 lucretium
1237 2773 1362 2834 navibus
1383 2774 1454 2834 An·

406 2856 508 2918 ‘tium
526 2857 691 2935 derexisse,
704 2859 803 2936 ⁴libera
818 2880 947 2943 corpore
962 2859 993 2920 in
1012 2859 1185 2921 servitutem
1201 2859 1337 2940 abrepta,
1354 2858 1454 2922 fortu-

406 2943 417 2973 ‘
433 2962 486 3002 nas
502 2944 652 3006 sociorum
664 2946 767 3027 populi
780 2943 911 3008 Romani
925 2946 1059 3028 direptas
1070 2967 1147 3024 esse,
1159 2956 1190 3008 et
1202 2945 1335 3025 quotidie
1347 2945 1451 3028 diripi.

406 3025 523 3106 ‘Narn,
539 3049 577 3090 ex
593 3029 731 3092 instituto
746 3029 783 3093 C.
800 3029 944 3109 Lucretii,
961 3031 1162 3093 Hortensium
1178 3051 1295 3112 quoque
1310 3031 1341 3092 in
1357 3032 1450 3094 tectis

406 3112 532 3175 ‘hieme
546 3117 658 3197 pariter
680 3131 771 3199 atque
788 3129 891 3180 aestate
907 3118 1026 3180 navales
1042 3119 1140 3180 socios
1156 3119 1279 3195 habere,
1294 3127 1326 3178 et
1339 3118 1450 3180 domos

405 3199 500 3261 ‘suas
511 3201 616 3284 plenas
627 3204 716 3265 turba
730 3204 855 3266 nautica
870 3226 951 3283 essc3
967 3203 1080 3265 versari
1095 3205 1174 3266 inter
1185 3224 1229 3281 se,
1241 3201 1398 3284 conjuges,
1411 3204 1450 3265 li-

402 3285 416 3318 ‘
427 3287 573 3370 heresque
583 3309 663 3370 suos,
672 3291 807 3372 ”quibus
817 3291 892 3352 nihil
902 3310 1000 3371 neque
1008 3290 1107 3351 dicere
1113 3291 1209 3372 pensi,
1216 3310 1315 3371 neque
1325 3287 1450 3352 iacere)

436 3455 602 3507 limerGron.
653 3457 784 3516 ,suiuus
797 3456 950 3508 Gron.Crer.
1013 3454 1093 3508 lQue
1103 3455 1177 3504 Gron.
1245 3457 1454 3518 ‘ununquem-

405 3519 457 3584 legit
467 3521 537 3570 Cres.

435 3648 533 3699 ”intra
552 3656 653 3714 presidia
672 3653 741 3718 regis]
776 3654 817 3701 Sic
838 3652 910 3717 prima
944 3653 994 3698 dem
1009 3665 1055 3697 aon
1067 3647 1452 3704 existimassetecivibussuinsut

402 3716 482 3773 editio,
495 3728 556 3766 teste
573 3719 686 3775 Hearuio,
695 3717 777 3767 melius
793 3733 869 3780 quam,
885 3728 911 3764 ut
942 3727 1023 3778 petens
1038 3729 1085 3762 nou
1095 3715 1247 3776 impetrasset,
1256 3715 1403 3761 meantime
1412 3728 1455 3760 rs.

402 3781 550 3842 reoeurimes,
567 3786 625 3830 inter
640 3785 750 3845 presidia.
789 3783 844 3830 vit.
862 3794 910 3832 aot.
942 3777 1156 3837 letudinis,reuiaur
1167 3780 1295 3842 hujusmet
1313 3778 1374 3837 longi
1390 3789 1452 3825 tam-

401 3845 444 3894 tu.
453 3847 482 3894 ad
493 3847 509 3893 l.
521 3860 639 3898 xxxvrrr.
651 3863 672 3895 c.
686 3848 724 3895 ll.
943 3859 988 3908 que
998 3845 1103 3893 laboriosi
1114 3842 1225 3890 Chalcide
1236 3842 1335 3890 Romam
1346 3843 1446 3892 itineris.
1462 3892 1467 3898 ,

435 3911 458 3947 ⁸³
468 3911 568 3964 Quorum
586 3913 667 3975 legatio
685 3912 731 3971 ipso
745 3911 838 3958 introitu
854 3942 861 3956 .
878 3945 884 3957 .
902 3944 909 3957 .
974 3907 996 3943 ³⁸
1009 3908 1055 3962 Qut
1070 3908 1206 3958 aetertum
1223 3906 1267 3973 eus]
1283 3907 1348 3954 Hae
1363 3919 1399 3954 ert
1409 3921 1454 3956 rt-

403 3971 486 4022 ultiroe
511 3978 640 4023 mutitatis
661 3977 765 4036 externplo
790 3977 836 4022 viso
862 3974 906 4038 res]
941 3985 978 4022 tus
997 3973 1075 4022 lectio.
1117 3971 1220 4032 Sigonius
1243 3971 1287 4032 legi
1307 3970 1374 4034 jussit
1394 3987 1453 4034 φη,

403 4037 464 4085 rtet
483 4039 548 4086 nobie
561 4041 645 4104 pingue
665 4042 771 4102 quiddam
788 4051 813 4086 et
835 4037 909 4088 inele-
940 4051 1060 4102 propterea
1071 4037 1132 4100 quod
1143 4037 1235 4085 uomina
1246 4035 1337 4084 urbium
1351 4049 1452 4098 sequau-

401 4115 458 4161 μω
481 4103 592 4151 redolent.
641 4105 750 4153 Libenter
771 4104 908 4164 legeremus,
941 4116 987 4152 tur.
1027 4105 1076 4154 Sed
1092 4115 1177 4151 uorum
1192 4115 1240 4150 nou
1259 4114 1296 4150 est
1314 4100 1382 4149 urbes
1396 4100 1454 4163 poni

402 4164 480 4214 deleta
496 4183 553 4216 voce
571 4170 663 4234 legatio:
686 4167 785 4223 Quorsus
806 4169 850 4229 ipro
870 4170 906 4216 irr-
939 4167 1086 4232 precicibus.

295 4271 300 4280 .
401 4233 472 4277 troiia
489 4265 514 4279 ..
533 4267 539 4280 .
555 4233 638 4283 ultime
658 4236 786 4283 mestuus
806 4233 908 4293 extemplo
972 4231 1118 4296 ”sputaque
1131 4228 1252 4299 sacrilegis]
1273 4227 1451 4279 HancGtouo·

400 4295 507 4342 msam:
527 4296 559 4343 ita
573 4299 639 4344 utri
654 4314 745 4361 quorem
755 4298 865 4363 penderet
878 4297 907 4356 ab
939 4300 971 4346 rii
993 4297 1176 4350 emendationem
1200 4297 1289 4344 admisit
1309 4297 1334 4342 iu
1354 4304 1449 4344 textum

401 4356 689 4420 bisrerbiss'psointmr'tu.
940 4365 1052 4412 Clericus.
1081 4361 1156 4421 Vulgo
1166 4363 1298 4424 spoliataque
1306 4361 1438 4424 maugier.

434 4423 513 4471 ”ln
533 4423 588 4486 qua]
624 4424 906 4476 occubuissemus
961 4427 1098 4481 '³⁷Quibus
1119 4425 1177 4474 nihil
1201 4443 1271 4488 uepres
1291 4427 1363 4474 dicem
1380 4427 1452 4487 pensi,

402 4496 495 4554 unque
507 4489 566 4541 rarle
576 4505 602 4540 se
612 4491 708 4553 habeus,
715 4504 755 4542 aut
765 4494 811 4557 ipse
822 4502 906 4558 peten-
938 4491 1099 4557 superserere]
1118 4490 1180 4554 Lege
1199 4505 1252 4540 curo
1268 4489 1375 4553 sigonio:
1397 4505 1449 4552 qu·
