3184 5225
501 342 579 408 LIB.
592 341 707 405 XLIV.
724 342 808 409 CAP-
820 341 871 401 IV.
1148 350 1206 415 12³

162 490 257 557 Dium
280 505 314 555 et
340 493 459 573 Philan,
487 515 601 577 oraque
623 496 726 575 maris„
749 497 812 559 late
841 506 965 578 patente
986 517 1024 559 ex
1048 510 1113 560 tam
1129 497 1204 564 alto
1217 514 1366 576 messa„

157 579 237 662 jugo
262 593 434 663 prospectu,
458 580 553 645 oculis
573 581 739 663 subjicitur.
786 581 862 652 Qua
882 602 930 643 res
950 583 1092 645 accendit
1112 584 1204 649 militi
1216 581 1287 639 M·
1301 581 1364 639 ¹⁶9s

162 667 295 746 animos,
320 678 482 749 postquam
505 689 656 731 summam
677 668 760 745 belli,
783 689 819 731 ac
843 668 940 749 regias
962 687 1067 729 omnes
1088 670 1204 752 copias,

161 764 335 833 terramque
354 752 498 815 hostilem
520 766 585 815 tam
600 776 618 816 e
633 755 804 837 propinquo
826 764 1055 833 conspexerunt.
1097 752 1203 835 ltaque

161 856 256 917 quum
275 838 399 916 alacres,
415 838 552 921 protinus
575 840 698 902 duceret
713 840 751 901 ad
767 851 870 901 castra
891 839 1036 915 hostium,
1052 840 1205 903 consulem

162 923 379 1003 hortarentur3
415 925 478 986 dies
493 946 569 987 unus
592 926 678 987 fessis
700 925 806 988 labore
828 925 882 986 viae
897 924 938 986 ad
960 924 1095 1005 quietem
1116 925 1204 988 datus
1270 925 1274 934 ’
1361 988 1366 996 ,

163 1022 220 1071 est.
243 1012 335 1073 tertio
351 1010 411 1087 dle,
430 1023 521 1093 parte
537 1012 693 1093 copiarum
720 1013 759 1075 ad
773 1011 946 1095 praesidium
966 1021 1134 1073 castrorum
1158 1032 1205 1072 re·

161 1095 247 1171 licta,
264 1097 369 1158 consul
386 1096 424 1157 ad
440 1096 560 1159 hostem
577 1097 670 1159 ducit.

206 1178 268 1243 lV.'
283 1180 533 1265 Hippiasnuper
560 1183 600 1243 ad
623 1183 770 1245 tuendum
797 1182 909 1243 saltum
935 1183 974 1243 ab
1000 1203 1071 1264 rege
1096 1180 1205 1243 missus
1218 1166 1287 1248 lieris
1296 1215 1358 1264 pm·

161 1279 250 1329 erat:
274 1268 336 1349 qni,
350 1288 388 1329 ex
403 1288 463 1348 quo
479 1278 577 1331 castra
591 1267 733 1331 Romana
747 1269 778 1328 in
800 1268 920 1330 tumulo
934 1268 1105 1350 conspexit,
1128 1289 1205 1353 prae-
1217 1264 1248 1313 Ῑῑ·
1258 1280 1312 1313 ‘¹¹¹³
1331 1331 1338 1344 ,

161 1353 277 1436 paratis
293 1354 332 1415 ad
352 1365 506 1415 certamen
522 1354 630 1415 animis
651 1375 782 1431 suorum,
803 1353 936 1415 venienti
954 1355 1071 1436 agmini
1094 1328 1353 1443 consmffim'

162 1437 201 1499 lis
217 1440 322 1500 obvius
337 1439 416 1501 fuit:
439 1452 471 1502 et
487 1439 618 1503 Romani
638 1439 774 1524 expediti
789 1440 830 1500 ad
850 1460 986 1522 pugnam
1001 1442 1150 1517 exierant,
1173 1451 1206 1508 et

165 1524 278 1586 hostes.
299 1525 372 1587 levis
395 1538 548 1588 armatura
570 1538 646 1605 erat,
669 1526 907 1609 promtissimam
928 1547 1024 1608 genus
1047 1527 1087 1588 ad
1107 1526 1205 1589 laces·

166 1611 292 1672 sendum
319 1622 483 1675 certamen.
529 1611 690 1693 Congressi
713 1612 806 1695 igitur
827 1612 992 1695 extemplo,
1014 1612 1077 1674 tela
1098 1610 1206 1695 conje-

165 1708 281 1759 cerunt.
305 1698 402 1759 multa
425 1698 577 1780 utrimque
598 1700 723 1761 vulnera
751 1700 912 1761 temerario
941 1699 1063 1761 incursu
1092 1709 1124 1760 et
1152 1718 1205 1759 ac-

163 1793 266 1865 cepta,
289 1796 320 1846 et
335 1784 448 1847 inlata:
468 1786 569 1866 pauci
586 1785 740 1868 utriusque
759 1785 855 1866 partis
870 1785 1056 1848 ceciderunt.
1100 1782 1205 1847 lrrita·

161 1870 199 1930 tis
226 1870 258 1931 in
273 1883 426 1953 posterum
451 1870 532 1934 diem
547 1872 666 1948 animis,
692 1869 855 1952 majoribus
880 1872 975 1954 copiis
998 1883 1090 1950 atque
1111 1869 1209 1931 inles-

162 1956 224 2016 tius
242 1976 421 2021 concursum
444 1958 482 2017 ab
499 1957 569 2034 illis,
591 1957 616 2018 si
631 1956 692 2019 loci
714 1958 786 2018 satis
810 1957 849 2018 ad
871 1956 1084 2039 explicandam
1107 1957 1206 2017 aciem

160 2039 292 2107 luisset:
327 2042 436 2124 jugum
468 2042 591 2120 montis,
622 2043 653 2105 in
685 2053 846 2123 angustum
876 2042 999 2104 dorsum
1033 2053 1207 2118 cuneatum,

159 2128 213 2191 vix
244 2130 269 2166 ¹⁸
279 2130 372 2190 ternis
396 2128 551 2190 ordinibus
566 2140 754 2199 armatorum
770 2130 802 2188 in
820 2128 919 2190 fronte
933 2128 1044 2210 patuit.
1089 2126 1207 2208 ltaque,

160 2214 271 2295 paucis
294 2215 511 2297 pugnantibus,
538 2227 641 2276 cetera
669 2214 848 2291 multitudo,
878 2214 1027 2296 praecipue
1056 2213 1108 2294 qui
1138 2232 1208 2293 gra·

158 2300 249 2361 vium
272 2321 425 2363 armorum
452 2312 549 2377 erant,
572 2310 759 2381 spectatores
782 2319 891 2382 pugna
912 2300 1044 2359 stabant.
1065 2298 1137 2359 levis
1158 2318 1208 2359 ar-

158 2398 287 2447 matura
301 2386 472 2467 etiamper
488 2384 652 2449 amfractus
668 2383 734 2467 jugi
751 2406 936 2467 procurrere,
951 2397 984 2447 et
1004 2385 1042 2448 ab
1063 2384 1208 2445 lateribus
1225 2441 1229 2448 ,

156 2491 237 2535 curn
254 2471 311 2531 levi
335 2482 488 2533 armatura
511 2475 707 2548 ¹⁹conserere,
730 2492 782 2552 per
798 2472 902 2551 iniqua
923 2482 1014 2551 atque
1034 2490 1118 2552 aequa
1140 2470 1208 2532 loca

159 2576 304 2640 pugnam
325 2568 442 2639 petere.
456 2576 501 2634 ac,
516 2556 649 2640 pluribus
672 2578 709 2618 ea
731 2555 780 2618 die
802 2556 976 2633 vulneratis,
999 2576 1089 2637 quam
1113 2555 1206 2617 inter-

161 2643 266 2719 fectis,
282 2643 423 2724 proelium
438 2654 527 2704 nocte
549 2643 711 2706 diremtum
733 2655 791 2704 est.
834 2639 941 2704 Tertio
957 2642 1006 2704 die
1021 2663 1110 2724 egere
1133 2663 1209 2703 con-

160 2730 232 2791 silio
248 2729 408 2790 Romanus
423 2729 608 2809 imperator:
633 2750 703 2790 nam
719 2748 817 2809 neque
833 2749 954 2790 manere
970 2730 1002 2790 in
1013 2727 1089 2810 jugo
1113 2728 1210 2810 inopi.

162 2835 262 2898 neque
277 2813 395 2896 regredi
412 2814 476 2876 sine
501 2814 628 2895 flagitio,
645 2827 738 2895 atque
752 2815 845 2876 etiam
863 2814 1021 2897 periculo;
1044 2817 1072 2852 ²⁰
1082 2814 1135 2874 sed
1157 2834 1208 2874 ce-

165 2901 252 2963 denti
269 2901 523 2982 exsuperioribus
542 2901 617 2962 locis
631 2901 745 2962 instare
768 2901 865 2963 hostis
880 2911 1022 2982 poterat:
1054 2921 1110 2961 nec
1126 2899 1210 2960 aliud

165 2988 313 3064 restabat,
328 3007 418 3070 quam
438 2986 583 3048 audacter
599 2988 793 3048 commissum
812 2986 960 3070 pertinaci
981 2986 1119 3063 audacia,
1142 3006 1211 3066 quae

167 3073 300 3154 prudens
322 3072 476 3134 interdum
491 3073 523 3132 in
546 3073 629 3134 exitu
645 3083 702 3151 est,
724 3073 885 3154 corrigere.
929 3069 1064 3134 Ventum
1086 3071 1209 3154 quidem

78 3175 86 3196 ·
170 3169 237 3218 erat
252 3179 299 3234 eo,
313 3169 358 3236 ut,
380 3159 405 3219 si
421 3160 541 3219 hostem
557 3157 687 3220 similem
710 3159 842 3238 antiquis
857 3156 1065 3221 Macedonum
1089 3157 1210 3236 regibus

171 3241 327 3304 habuisset
348 3245 462 3321 consul,
489 3264 600 3326 magna
623 3243 724 3304 clades
745 3244 844 3324 accipi
865 3244 1008 3324 potuerit.
1031 3243 1095 3316 sed,
1118 3261 1210 3321 quum

173 3327 215 3388 ad
235 3325 329 3389 Dium
357 3350 409 3411 per
439 3330 533 3394 litora,
557 3349 626 3392 curn
653 3328 805 3408 equitibus
831 3338 992 3407 vagaretur
1019 3346 1084 3403 rex,
1110 3336 1142 3386 et
1171 3326 1210 3387 ab

171 3413 333 3476 duodecim
359 3416 489 3486 millibus
507 3435 619 3496 prope
645 3414 811 3476 clamorem
832 3424 866 3474 et
890 3413 1047 3494 strepitum
1070 3432 1210 3494 pugnau-

170 3499 246 3564 tium
270 3500 398 3579 audiret,
418 3523 475 3570 nec
499 3501 583 3570 auxit
604 3500 707 3582 copias
730 3499 864 3580 integros
885 3499 971 3560 fessis
993 3498 1212 3576 submittendo,

170 3605 280 3666 neque·
301 3586 376 3668 ipsa,
405 3587 488 3669 quod
516 3587 681 3671 plurimum
712 3586 867 3662 intererat,
907 3586 1065 3648 certamini
1092 3585 1211 3647 adfuit:

169 3691 262 3756 quum
286 3671 444 3739 Romanus
471 3673 647 3755 imperator,
662 3670 760 3754 major
784 3672 943 3756 sexaginta
965 3672 1062 3748 annis,
1085 3682 1116 3733 et
1135 3691 1212 3752 prae-

169 3758 268 3838 gravis
291 3779 430 3840 corpore,
444 3760 549 3822 omnia
563 3759 707 3825 militaria
728 3779 855 3823 munera
875 3759 941 3840 ipsc
962 3758 1081 3839 inpigre
1102 3756 1214 3821 obiret.

170 3839 300 3926 Egregie
316 3844 356 3905 ad
370 3845 511 3908 ultimum
527 3846 558 3906 in
574 3846 718 3908 audacter
740 3845 903 3906 commisso
918 3842 1141 3927 perseveravitz
1169 3852 1213 3918 et,

185 4123 192 4135 ,
204 4057 226 4092 ¹⁸
238 4058 254 4088 ⁰
266 4057 343 4138 ,Tfflfss
352 4063 473 4140 “dm
482 4061 612 4128 dtsm]
628 4063 675 4112 Or·
708 4065 827 4114 Alterum
837 4081 880 4116 rox
891 4065 994 4130 profecto
1003 4065 1095 4112 excidit.

171 4123 234 4172 lines
251 4124 291 4174 luc
310 4127 453 4204 rotellrgsadr
471 4128 677 4206 videnturUintroUr·
740 4133 763 4166 ⁵⁰
778 4132 821 4178 Sed
831 4133 930 4179 wari.
945 4130 1153 4204 ...ipocrclrortis
1160 4137 1214 4192 pot.

172 4192 677 4322 rsrmtrmmau
707 4193 1214 4323 altianum

133 4420 137 4426 Ι
173 4393 227 4484 pull
249 4402 373 4516 ὥστε]
393 4453 503 4513 Manum,
517 4454 555 4504 rel
570 4469 675 4520 pugnam.
703 4461 798 4514 poterut.
837 4405 871 4452 'p‘
1013 4451 1019 4464 ⁹
