3184 5225
332 314 390 369 214
749 300 835 361 TlTl
857 300 956 363 less

170 492 205 541 υ,
217 490 312 541 asae,
335 447 345 479 ‘
361 467 392 529 in
408 469 428 509 ¹¹
438 466 489 508 *¹¹
504 486 543 527 ex
557 462 714 549 Capitolio
734 476 854 549 propeu
872 463 939 547 jam
955 465 1160 547 exspirantem
1175 467 1267 529 veni:
1290 488 1389 551 neque

171 556 204 606 Α·
215 554 245 605 C·
256 554 309 605 167.
337 548 347 580 ‘
364 573 403 617 ex
417 564 505 615 tanta
515 552 608 634 stirpe
620 553 748 614 liberum
761 564 907 635 superest,
922 552 974 632 qui
988 550 1024 613 L.
1036 549 1155 614 AEmilii
1167 551 1263 615 Paulli
1274 574 1390 617 nomen

268 680 273 691 ·
339 641 351 673 ‘
366 641 453 703 ferat.
496 638 584 700 Duos
598 640 691 717 enirn,
710 650 867 720 tamquam
883 658 922 699 ex
936 659 1049 719 magna
1062 640 1210 721 progenie
1224 641 1392 704 liberorum

339 727 350 759 ‘
366 728 398 787 in
413 725 611 807 adoptionem
627 725 727 803 datos,
743 722 885 787 Cornelia
895 736 927 787 et
941 723 1037 787 Fabia
1047 746 1121 806 gens
1134 727 1250 789 habent
1259 751 1269 806 3
1291 727 1388 790 Paulli

338 814 349 845 ‘
365 814 396 875 in
412 813 515 889 domo,
528 823 636 895 prater
646 834 690 890 se,
703 832 794 873 nemo
802 823 948 894 superest.
982 809 1044 873 Sed
1055 813 1134 873 hanc
1146 813 1265 876 cladem
1277 815 1390 878 domus

339 898 350 931 ‘
365 920 439 961 meae
453 909 553 961 vestra
567 898 697 961 felicitas
713 911 746 961 et
760 897 897 960 secunda
908 896 1032 960 fortuna
1045 899 1169 981 publica
1190 901 1388 965 conantur?

382 983 483 1047 XLII.
506 983 590 1063 Hoec,
615 996 704 1048 tanto
719 986 805 1047 dicta
817 985 932 1063 animo,
956 985 1054 1066 magis
1069 985 1231 1049 confudere
1253 988 1385 1050 audien-

341 1072 417 1134 tium
434 1072 562 1151 animos,
587 1094 677 1154 quem
694 1072 719 1133 si
740 1071 952 1147 miserabiliter
966 1072 1131 1133 orbitatem
1145 1092 1226 1134 suam
1242 1074 1384 1137 deflendo

340 1159 459 1222 locutus
483 1172 575 1221 esset.
598 1158 656 1221 Cn.
672 1158 819 1221 Octavius
839 1156 988 1219 Kalendis
1006 1156 1225 1221 Decembribus
1247 1160 1285 1222 de
1308 1182 1383 1243 rege

171 1235 313 1318 Triumphus
339 1243 449 1307 Perseo
464 1246 600 1307 navalem
616 1246 804 1328 triumphum
819 1245 892 1325 egit.
936 1243 966 1304 ls
984 1244 1155 1326 triumphus
1177 1246 1241 1307 sine
1255 1247 1386 1327 captivis

169 1304 311 1419 ggfficm
338 1331 407 1410 fuit,
429 1333 495 1394 sine
510 1331 624 1413 spoliis.
669 1330 765 1394 Dedit
778 1332 867 1393 sociis
882 1330 1040 1392 navalibus
1055 1332 1087 1393 in
1102 1331 1238 1411 singulos
1254 1336 1279 1371 ¹⁰
1290 1333 1388 1394 dena-

262 1406 269 1421 ’
338 1419 398 1479 rios
421 1430 630 1499 'septuagenos
661 1419 789 1499 quinos3
821 1418 1085 1499 gubernatoribus,
1116 1420 1168 1499 qui
1198 1420 1230 1479 in
1260 1420 1393 1499 navibus

338 1505 469 1582 lucrant,
493 1505 625 1586 duplex;
654 1508 676 1542 ¹¹
690 1503 843 1585 magistris
868 1505 990 1567 navium
1014 1504 1212 1587 quadruplex.
1256 1503 1389 1569 Senatus

337 1591 447 1653 deinde
470 1592 590 1653 habitus
605 1603 661 1653 est.
706 1589 811 1654 Patres
825 1602 1016 1668 censuerunt,
1039 1603 1075 1652 nt
1088 1589 1128 1661 Q.
1140 1590 1264 1657 Cassius
1278 1591 1389 1656 Persea

169 1684 267 1735 Perseus
282 1686 323 1737 At·
337 1699 439 1760 regem
465 1698 535 1741 cum
561 1676 735 1749 Alexandro
762 1676 825 1737 filio
850 1677 962 1739 Albam
988 1677 1019 1739 iu
1043 1678 1213 1740 custodiam
1239 1680 1385 1758 duceret;

167 1750 220 1799 Μ
233 1752 287 1802 ¹¹³⁸·
338 1766 483 1843 comites,
500 1764 672 1846 pecuniam,
697 1774 870 1845 argentum,
895 1764 1129 1827 instrumentum
1145 1766 1229 1845 quod
1249 1766 1386 1831 haberet.

166 1832 214 1868 ’ω’
337 1850 427 1929 Bitia,
450 1852 527 1933 regis
540 1848 696 1913 Thracum
712 1850 801 1927 filius,
819 1871 889 1911 curn
903 1850 1059 1913 obsidibus
1073 1851 1106 1912 in
1120 1852 1293 1915 custodiam
1308 1852 1387 1915 Car-

336 1939 435 1999 seolos
448 1950 496 2000 est
515 1939 633 2000 missus.
677 1936 805 1999 Ceteros
826 1937 973 2018 captivos,
997 1938 1048 2019 qui
1069 1938 1101 1999 in
1123 1939 1280 2021 triumpho
1299 1939 1385 2003 dueti

336 2036 435 2103 eraut,
459 2026 489 2085 in
514 2044 666 2087 carcerem
687 2024 778 2085 condi
802 2024 925 2105 placuit.
960 2022 1086 2087 ‚Paucos
1100 2036 1170 2107 post
1192 2026 1268 2103 dies,
1291 2046 1383 2107 quam

336 2111 492 2189 haconem,
515 2111 608 2191 legati
625 2112 663 2173 ab
672 2109 777 2193 'Cotye
793 2130 864 2191 rege
878 2106 1034 2171 Thracum
1049 2121 1208 2190 venerunt,
1219 2113 1380 2195 pecuniam

336 2198 376 2261 ad
393 2198 602 2260 redimendum
615 2198 709 2259 filium
726 2197 861 2277 aliosque
876 2197 997 2259 obsides
1011 2197 1222 2279 adportantes.
1264 2199 1327 2278 Eis,
1349 2202 1384 2262 in

335 2299 476 2348 senatum
499 2284 690 2361 introductis,
713 2294 746 2345 et
768 2282 835 2343 ¹¹id
853 2284 953 2365 ipsum
974 2285 1147 2365 argumenti
1169 2287 1386 2366 praetendenti·

334 2371 390 2434 bus
412 2371 568 2448 orationis,
591 2391 653 2431 non
674 2391 728 2431 sua
742 2368 899 2431 voluntate
915 2367 1016 2453 Cotyn
1034 2370 1115 2433 bello
1133 2370 1247 2452 juvisse
1263 2371 1385 2451 Persea,

334 2456 417 2535 quod
431 2456 552 2517 obsides
568 2456 640 2517 dare
655 2466 779 2517 coactus
795 2469 885 2533 esset,
907 2457 1134 2538 orantibusque,
1156 2468 1191 2519 nt
1205 2480 1258 2522 eos
1272 2460 1384 2541 pretio,

333 2553 481 2622 quantum
505 2542 563 2623 ipsi
586 2542 764 2603 statuissent
778 2539 895 2619 Patres,
918 2542 1026 2604 redimi
1047 2554 1230 2627 paterentur,
1253 2567 1397 2628 respou-·

255 2675 259 2690 .
333 2647 459 2688 sumere
482 2629 664 2691 sucurritate
687 2640 811 2690 senatus
836 2639 902 2690 est:
928 2628 1101 2711 ‘Populum
1118 2629 1290 2691 Romanum
1314 2654 1382 2696 me·

333 2712 481 2774 ‘minisse
504 2713 656 2788 amicitiae,
677 2735 747 2792 ¹quae
774 2733 843 2774 eum
875 2711 983 2796 Cot‘ye,
1008 2713 1227 2795 majoribusque
1247 2715 1325 2796 ejus,
1348 2733 1385 2782 et

328 2799 344 2832 '‘
357 2810 450 2880 gente
463 2798 618 2860 'llrracum
634 2798 749 2860 fuisset.
793 2796 924 2861 Obsides
943 2800 1034 2862 datos
1052 2801 1173 2877 crimen,
1196 2821 1257 2862 uon
1273 2803 1384 2865 crimi-

325 2885 342 2916 “
357 2886 404 2946 nis
420 2885 639 2961 defensionem,
655 2905 741 2946 esse:
759 2904 852 2966 quum
863 2883 1018 2947 Thracum
1033 2887 1116 2968 genti
1127 2907 1165 2946 ne
1177 2887 1295 2967 quietus
1305 2890 1380 2970 qui·

331 2973 342 3004 ‘
358 2971 427 3034 dem
434 2970 568 3049 Perseus,
574 2971 688 3033 nedum
698 2969 779 3032 hello
786 2969 927 3033 Romano
936 2984 1113 3055 occupatus,
1121 2972 1381 3038 timendusluerit.

331 3058 343 3093 ‘
357 3056 511 3136 Ceterum,
523 3058 583 3119 etsi
600 3056 694 3141 Cotys
708 3055 807 3120 Persei
821 3059 954 3139 gratiam
970 3059 1150 3142 praetulisset
1163 3059 1303 3121 amicitie
1318 3083 1381 3145 po-

330 3146 343 3179 ‘
358 3146 422 3229 puli
434 3145 575 3223 Romani,
587 3146 696 3227 magis,
708 3145 781 3226 quid
792 3166 826 3206 se
837 3145 963 3227 dignum
976 3158 1171 3228 esseupquam
1183 3147 1256 3226 quid
1267 3149 1381 3211 merito

329 3231 422 3314 ‘ejus
445 3232 509 3294 fieri
524 3243 637 3314 posset,
658 3231 896 3294 aestimaturnm:
921 3231 1016 3294 lilium
1036 3244 1127 3314 atque
1150 3232 1271 3293 obsides
1287 3234 1315 3294 ei
1332 3256 1382 3296 re-

331 3319 342 3352 ‘
357 3320 527 3381 missurum.
571 3317 726 3381 Beneficia
735 3319 871 3399 gratuita
881 3339 947 3378 esse
957 3319 1061 3400 populi
1075 3317 1225 3380 Romani:
1247 3320 1382 3401 pretium

330 3406 460 3466 ‘corum
476 3405 568 3468 malle
583 3405 749 3486 relinquere
765 3405 796 3464 in
817 3403 1031 3486 accipientium
1045 3407 1166 3481 animis,
1189 3425 1279 3485 quam
1302 3427 1396 3487 prae-.

330 3490 424 3551 ‘sens
440 3489 583 3572 exigcrc.'
628 3489 737 3572 Legati
760 3490 922 3567 nominati,
947 3488 986 3550 T.
1003 3489 1164 3560 Quinctius
1180 3490 1378 3571 Flamininus,

330 3573 367 3637 C.
395 3575 529 3640 Licinius
558 3576 669 3654 Nerva,
699 3574 745 3637 M.
773 3575 920 3637 Caninius
950 3575 1084 3653 Rebilus,
1114 3578 1165 3658 qui
1196 3579 1317 3640 obsides
1345 3579 1381 3640 in

329 3661 492 3726 Threciam
515 3665 712 3726 reducerent:
740 3675 773 3724 et
787 3661 957 3724 Thracibus
980 3684 1108 3725 munera
1129 3664 1203 3726 data
1226 3666 1258 3727 in
1273 3667 1381 3747 singu·

362 3821 373 3848 ¹¹
388 3831 458 3862 curm
467 3831 492 3862 ec
503 3814 609 3876 Capitolio
618 3814 647 3860 ad
657 3813 752 3860 alterum
762 3829 828 3875 prope
837 3822 877 3860 etc.
891 3812 965 3860 Gran.
983 3828 1054 3861 curru
1068 3815 1093 3861 in
1109 3812 1274 3878 [Capitolium]
1294 3831 1322 3864 ea
1332 3815 1381 3864 Ca.

326 3880 403 3938 pelolio
417 3879 575 3944 [adulterum]
585 3894 651 3940 prope
661 3889 704 3926 etc.
717 3878 785 3926 Creu.
1388 3903 1392 3910 -

320 4007 358 4055 «nd
389 4011 482 4058 alterum
511 4027 576 4072 prope
603 4012 653 4074 jum
680 4007 831 4071 erqurantem]
902 4010 923 4042 ¹¹¹
939 4008 967 4056 ld
977 4011 1048 4070 ipnun
1056 4011 1183 4072 argumenti
1197 4010 1382 4070 prandentem

330 4072 432 4121 Unicum
439 4076 555 4140 exemplar
562 4075 643 4124 habuit
651 4091 742 4124 cunum
752 4089 778 4122 er
789 4074 835 4120 Cn·
867 4073 979 4135 orctbnu]
999 4075 1064 4135 Lege
1080 4091 1133 4122 cum
1146 4073 1264 4121 Gronmio
1276 4076 1382 4124 υνιιιὶωιί.

324 4137 476 4200 pitulbprope
484 4142 536 4198 jam
550 4144 696 4203 respiramen.
730 4139 835 4188 Correxit
869 4138 949 4186 Quum
967 4139 1070 4186 dicerent
1081 4141 1160 4203 Cotyn
1176 4155 1223 4186 non
1238 4139 1381 4188 suavolun·

327 4212 389 4249 etan
420 4201 475 4248 levir
488 4205 592 4254 Ursinus.
617 4223 622 4239 ·
867 4215 916 4251 tate
931 4204 1017 4266 juvisse
1030 4205 1120 4261 Persea,
1136 4205 1234 4267 idipsum
1245 4205 1379 4266 argumenti

361 4266 383 4299 ¹⁰
423 4269 508 4316 enerlm
520 4279 658 4334 septuagenos
675 4269 760 4334 qrrinos]
781 4270 835 4318 Un·
866 4269 1041 4332 praetendebant
1067 4271 1172 4326 orationi,
1197 4272 1246 4317 sire
1273 4286 1303 4317 eo
1329 4272 1382 4334 ipro

328 4329 475 4398 elasargeati
487 4337 611 4394 aprunos,
624 4347 753 4394 ueremur,
765 4339 789 4384 3.
868 4347 1002 4396 argumento
1032 4335 1100 4382 fidem
1128 4336 1204 4382 fecere
1235 4335 1381 4384 conabantur
1455 4360 1458 4366 ·

362 4397 379 4431 ¹¹
400 4397 513 4460 Magi-uris
528 4399 629 4460 tenuium]
640 4428 643 4440 ·
654 4401 708 4450 Vid.
725 4413 775 4449 not.
793 4403 835 4451 39.
867 4401 963 4448 orationi
972 4417 1031 4459 sure,
1047 4402 1107 4463 quod
1117 4400 1204 4449 obsides
1215 4400 1271 4450 dare
1282 4413 1381 4452 metus

325 4464 354 4511 erl
363 4462 381 4515 1.
393 4474 469 4512 xaru.
481 4478 503 4512 e.
515 4463 539 4510 8.
869 4478 937 4520 esset.
