3184 5225
466 358 654 419 1.113.x1.11.
672 359 756 419 CAP.
770 359 909 419 XLVIII.
1169 369 1209 431 ²⁵

151 514 164 547 ‘
179 513 276 591 uinci,
292 513 343 575 cui
356 512 506 581 confessio
522 533 666 595 expressa
680 514 731 592 sit,
753 536 785 575 se
801 532 899 595 neque
912 525 990 592 arte,
1004 534 1103 595 neque
1124 534 1209 591 casa,
1220 524 1299 578 tte.
1311 528 1369 579 tal.

153 602 164 635 ‘
180 600 239 663 sed
254 598 386 661 conlatis
402 599 538 660 cominus
553 593 677 677 viribus,
691 598 776 681 justo
792 622 828 662 ac
843 602 895 683 pio
909 600 989 661 bello
1003 620 1070 661 esse
1084 619 1209 681 supera-
1221 593 1254 643 A.
1264 588 1294 641 ⁰·
1305 590 1362 638 ¹⁷¹·

154 687 166 719 ‘
184 684 274 749 tum?
320 682 394 747 Haec
410 685 553 761 seniores,
570 686 676 766 quibus
701 706 780 747 nova
798 688 863 748 hac
886 687 986 747 minus
1001 686 1140 767 placebat
1159 707 1209 747 sa-

154 773 287 853 pientia.
301 768 374 833 vicit
394 782 496 831 tamen
521 792 559 831 ea
572 790 642 853 pars
657 782 788 849 senatus,
813 773 862 833 cui
883 774 985 853 potior
1002 772 1095 850 utilis,
1118 792 1209 854 quam

155 858 294 935 bonesti,
308 868 467 932 cursaret,
482 869 517 917 ut
528 856 777 937 comprobaretur
787 858 868 938 prior
880 859 996 937 legatio
1007 854 1130 935 Marcii,
1142 861 1170 897 ⁶²
1179 869 1210 918 et

158 944 269 1007 eodem
286 964 387 1005 rursus
410 943 441 1002 in
457 940 603 1003 Graeciam
624 960 692 1003 cum
709 942 976 1021 quinqueremibus
997 944 1210 1022 remitteretur,
1223 961 1380 1011 raonem

155 1028 374 1110 jubereturque
401 1040 512 1105 cetera,
542 1027 587 1088 uti
615 1048 632 1088 e
659 1027 813 1108 republica
838 1029 971 1089 maxime
996 1031 1093 1091 visum
1120 1042 1212 1108 esset,
1223 1028 1354 1078 amicatur.

160 1134 263 1195 agere.
307 1114 482 1195 A..quoque
498 1113 629 1185 Atilium,
647 1114 794 1174 miserunt
818 1114 857 1175 ad
881 1116 1093 1196 occupandam
1110 1114 1211 1177 haris-

160 1221 226 1261 sam
251 1201 283 1261 in
298 1198 468 1277 Thessalia,
493 1200 645 1275 timentes,
670 1220 719 1276 ne,
749 1200 774 1260 si
790 1200 979 1261 induciarum
1001 1200 1067 1261 dies
1088 1201 1212 1278 exisset,

161 1284 301 1363 Perseus,
332 1286 471 1367 prasidio
495 1285 554 1346 eob
578 1285 681 1362 misso,
709 1296 802 1366 caput
815 1284 980 1347 Thessalia
1001 1285 1035 1352 in
1058 1296 1213 1366 potestate

160 1372 301 1433 haberet.
346 1368 416 1433 Duo
442 1371 537 1431 millia
561 1371 696 1452 peditum
714 1371 824 1432 Atilius
849 1374 889 1433 ab
911 1369 971 1432 Cn.
987 1368 1103 1445 Sicinio
1129 1370 1212 1431 aeci·

163 1478 238 1540 pere
263 1458 302 1519 ad
329 1478 397 1518 eam
425 1478 489 1518 rem
516 1457 667 1537 agendam
690 1455 801 1535 jussus.
826 1469 858 1518 et
881 1456 915 1518 Ρ.
930 1455 1071 1534 lentulo,
1098 1456 1148 1538 qui
1173 1478 1213 1517 err

164 1544 283 1603 Achaia
311 1543 453 1620 redierat,
483 1543 633 1605 treuerui⁰
661 1544 771 1605 milites
804 1542 901 1604 Italici
930 1544 1049 1624 generis
1078 1541 1153 1619 dati,
1178 1552 1213 1602 ut

166 1632 195 1667 ³³
205 1626 318 1689 Thebis
334 1630 421 1690 daret
436 1650 572 1711 operam,
588 1640 622 1691 ut
636 1630 668 1689 in
684 1640 838 1711 potestate
852 1629 974 1691 Boeotia
988 1640 1076 1689 esset.

205 1712 349 1775 Xerlll.
372 1713 430 1776 His
453 1715 638 1797 praeparatis,
669 1736 853 1796 quamquam
879 1716 920 1777 ad
948 1715 1059 1775 bellum
1085 1713 1213 1775 consilia
1224 1714 1381 1798 [apellari

163 1812 252 1861 eraut
282 1800 446 1877 destinata,
484 1812 624 1863 senatum
653 1812 754 1862 tamen
787 1802 926 1883 praeberi*
948 1801 1057 1882 legatis
1086 1800 1212 1881 placuit.
1224 1802 1258 1835 ’θ’
1270 1785 1350 1835 ’Μ’

161 1884 278 1948 Eadem
295 1886 368 1963 fere,
391 1906 457 1967 quae
469 1887 502 1947 in
525 1887 687 1967 conloquio
703 1890 741 1947 ab
765 1908 837 1968 rege
856 1888 940 1949 dIcta
954 1898 1052 1964 erant,
1080 1890 1105 1925 ⁵¹
1117 1886 1213 1947 relata

162 1974 202 2033 ab
233 1972 352 2053 legatis.
398 1971 578 2034 Insidiarum
603 1972 733 2034 Eumeni
761 1972 909 2035 factarum
935 1973 1062 2051 crimen,
1088 1983 1120 2033 et
1144 1992 1211 2033 ma-

160 2058 247 2124 xima
269 2078 354 2135 cura,
380 2070 411 2119 et
426 2059 552 2121 minime
568 2070 671 2121 tamen
695 2059 903 2141 probabiliter,
933 2058 1109 2137 (manifesta
1129 2056 1212 2117 enim

161 2164 208 2205 res
234 2144 312 2221 erat)
342 2142 511 2205 defensum.
555 2142 666 2205 Cetera
692 2145 868 2225 deprecatio
894 2157 980 2205 erat:
1012 2143 1065 2204 sed
1087 2162 1150 2213 non
1168 2141 1212 2201 eis

163 2229 273 2290 animis
289 2229 498 2305 audiebantur,
522 2231 572 2310 qui
595 2242 647 2291 aut
666 2231 779 2305 doceri,
804 2242 858 2289 aut
872 2230 953 2289 flecti
969 2238 1103 2310 possent.
1146 2224 1222 2287 De·-

164 2315 356 2391 mmciatum,
385 2315 537 2396 extemplo
568 2315 717 2375 moenibus
748 2315 831 2375 urbis
861 2312 978 2389 Roma,
1013 2310 1103 2373 ltalia
1133 2312 1343 2379 intremescere

166 2398 357 2479 trigesimum
388 2400 467 2460 diem
497 2401 691 2462 excederent.
736 2399 769 2460 P.
795 2398 915 2461 Licinio
944 2398 1056 2459 deinde
1082 2398 1211 2475 consuli,
1224 2394 1362 2459 lmujmo'.

165 2486 217 2547 cui
235 2482 419 2547 Macedonia
441 2486 594 2567 provincia
618 2487 790 2563 obvenerat,
814 2485 1042 2561 denunciatum,
1064 2496 1098 2545 ut
1122 2504 1210 2545 exer-

164 2570 240 2632 citui
266 2570 346 2632 diem
370 2572 497 2654 primam
513 2590 663 2654 quamque
689 2571 804 2634 diceret
825 2572 865 2632 ad
880 2569 1130 2633 conveniendum.
1176 2567 1212 2632 C.
1225 2575 1345 2651 Lucretius

160 2655 322 2718 Lucretius
349 2669 468 2740 pretor,
494 2659 542 2719 cui
569 2659 674 2720 classis
702 2658 858 2740 provincia
884 2669 961 2736 erat,
987 2677 1057 2719 cum
1082 2639 1371 2752 quadra-{ITGT‘

159 2743 247 2823 ginta
273 2743 540 2824 quinqueremibus
567 2745 605 2806 ab
631 2745 704 2806 urbe
729 2744 901 2826 profectus:
929 2764 1001 2806 nam
1027 2764 1067 2804 ex
1089 2721 1282 2831 refectis&
1292 2721 1358 2756 Μ’

161 2829 288 2890 navibus
318 2830 393 2890 alias
423 2830 455 2890 in
487 2830 579 2892 aliurn
610 2852 697 2892 usum
728 2831 852 2892 retineri
882 2831 922 2891 ad
950 2831 1055 2892 urbem
1085 2829 1212 2910 placuit.

161 2911 336 2976 Prarnissus
358 2938 378 2976 a
400 2927 527 2997 praetore
551 2928 599 2978 est
621 2923 647 2956 ⁵⁵
660 2916 752 2978 frater
768 2915 952 2978 Lucretiusd
978 2934 1049 2977 cum
1063 2916 1212 2998 quinque-

160 3021 243 3062 reme
258 3021 338 3062 una:
361 3000 533 3082 jussusque,
555 3003 593 3064 ab
617 3003 706 3066 sociis
721 3023 761 3064 ex
783 3002 898 3064 foedere
918 3002 1052 3083 acceptis
1075 2996 1215 3079 navibus,

162 3086 201 3147 ad
216 3084 449 3168 Cephalleniam
474 3088 561 3148 classi
586 3089 754 3150 obcurrerc.
777 3089 815 3150 ab
830 3087 979 3169 Rheginis
1004 3088 1120 3150 triremi
1139 3108 1212 3164 uua,

164 3172 204 3232 ab
218 3170 324 3232 laocris
347 3173 475 3250 duabus,
502 3175 540 3234 ab
555 3171 693 3236 Uritibus
721 3186 859 3256 quatuor,
881 3187 989 3256 preter
1011 3195 1096 3234 oram
1116 3171 1212 3233 ltalia

166 3270 358 3338 supervectus
387 3257 535 3320 Calabria
571 3271 738 3322 extremum
777 3261 1018 3341 promontorium
1057 3259 1088 3318 iu
1124 3256 1211 3317 lanio

164 3343 255 3418 mari,
280 3341 502 3426 Dyrrhachium
528 3344 650 3426 trajicit.
712 3345 756 3407 lbi
780 3347 886 3406 decem
913 3347 1048 3425 ipsorum
1075 3341 1211 3424 Dyrrha·

164 3428 334 3505 chinorum,
357 3430 519 3492 duodecim
545 3429 710 3509 Issaeorum,
733 3431 955 3512 quinquaginto
977 3438 1106 3510 quatuor
1126 3425 1215 3488 Gen·

160 3513 195 3574 tii
224 3515 303 3596 regis
334 3515 451 3578 lembos
478 3529 595 3595 nactus,
619 3517 763 3579 simulans
779 3538 812 3578 se
834 3515 968 3592 credere,
991 3535 1043 3576 eos
1070 3513 1106 3574 in¹
1122 3533 1211 3574 usum
1304 3541 1307 3544 ⁴

161 3597 374 3662 Romanorum
400 3614 592 3684 comparatos
617 3625 692 3681 esse,
715 3604 857 3665 omnihus
880 3601 1030 3677 abductis,
1053 3600 1104 3660 die
1118 3599 1211 3662 tertio

161 3682 340 3770 Corcyram,
363 3689 434 3750 inde
459 3690 596 3771 protinus
619 3689 650 3751 in
675 3688 903 3772 Cephalleniam
927 3685 1051 3767 trajicit.
1096 3683 1212 3746 e.1.u-

225 3823 416 3876 barenorum
427 3827 496 3878 Crer.
543 3875 546 3882 ,
595 3827 771 3878 etrecaru'llaed.
879 3821 1147 3873 ‘mammem

194 3960 218 3993 ⁵¹
236 3957 266 4008 El
293 3964 363 4011 ecda
380 3981 467 4028 'notor
495 3967 520 4014 in
547 3965 666 4027 amcam]
733 3965 754 4000 ⁵⁸
771 3963 786 3992 ⁹
802 3962 887 4026 Tanta]
901 3961 991 4014 Thebis
1001 3973 1105 4018 murt,
1116 3959 1212 4011 Theba

159 4022 230 4072 Tolle
249 4025 305 4074 dua·
325 4039 448 4089 postumus
462 4045 539 4092 voces,
563 4031 668 4078 menites·
701 4041 790 4079 teuenr.
1114 4027 1117 4032 “

157 4099 211 4136 tum
228 4090 350 4152 glossema,
367 4095 538 4160 interpretando
552 4097 588 4156 τᾷ
598 4097 669 4143 endem
733 4095 755 4129 ⁵⁴
771 4093 786 4122 ⁴
798 4092 889 4155 Rclcta]
908 4090 1000 4139 Iterato.

157 4153 238 4218 'tuepm
258 4156 370 4208 additum.
410 4159 476 4208 Idem
501 4161 568 4223 plane
589 4159 669 4208 virium
734 4159 755 4192 ⁵⁵
772 4155 852 4205 Frater
873 4151 1210 4214 u.brentrus]1nvurgaa

157 4217 281 4282 inepsersr
291 4237 358 4286 supra
368 4224 385 4269 l.
395 4235 502 4274 xxxvii.
515 4242 538 4274 c.
553 4225 589 4274 19.
599 4225 671 4272 erdem
702 4221 740 4272 hic
762 4221 867 4288 praetoris
886 4220 959 4267 fretu
979 4229 1041 4266 caret
1060 4218 1208 4282 manamine.

157 4283 335 4347 Adramytteum,
353 4287 392 4334 ubi
410 4287 489 4336 iridem
507 4304 591 4338 nomen
607 4289 669 4337 urbi·
702 4287 846 4336 Restitutori
857 4285 983 4334 eieathoc
996 4283 1047 4332 loco
1064 4299 1092 4332 cr
1106 4283 1207 4330 motori-
1281 4333 1284 4337 ,

157 4345 285 4400 marum
301 4367 355 4400 ecee
367 4353 505 4402 monuimus.
539 4355 587 4404 llic
603 4354 668 4402 ride·
701 4363 748 4400 tare
759 4351 879 4407 Grooorih
900 4351 940 4413 qui
955 4349 1080 4397 obuenerit
1095 4363 1150 4396 eom
1164 4363 1207 4412 ap·

157 4421 197 4458 tur
214 4428 326 4492 praeterea
343 4417 453 4470 arridere
473 4433 582 4470 nummus
600 4419 667 4484 quiu-
699 4418 778 4480 pellrri
789 4416 980 4474 M.l.uererium,
990 4414 1048 4462 iufra
1058 4429 1079 4462 r.
1090 4413 1129 4462 56.

157 4491 309 4541 thlum,
