3184 5225
389 377 445 431 184
799 370 885 430 ‘nul
904 370 1005 431 tivit

222 527 256 576 U·
265 526 294 577 c·
305 528 361 577 ⁵³⁴·
390 526 484 612 pluris
498 530 525 569 ‘⁵
536 525 710 589 sestertium
726 524 853 607 triginta
866 525 996 587 millium
1011 525 1170 606 haberent,
1190 526 1373 588 “censendi
1383 523 1436 607 jus
1472 499 1477 505 .

225 594 257 642 A.
267 593 296 645 ⁰·
310 592 363 640 ¹⁶⁸*
391 615 506 676 factum
522 626 579 675 est.
612 610 683 673 Hoc
698 632 791 693 quum
808 612 852 673 ita
865 624 1016 674 serratum
1031 623 1122 691 esset,
1132 613 1266 695 negabat
1280 612 1439 689 Claudius,

394 700 405 734 ‘
420 698 554 781 suffragii
570 698 717 759 lationem
733 696 850 779 injussu
863 698 968 781 populi
984 720 1141 761 censorem
1151 700 1293 780 cuiquam
1309 698 1440 775 bomini,

395 784 532 845 ‘nedum
556 784 655 845 ordini
681 784 832 862 universo,
862 785 995 845 adimere
1018 805 1118 866 posse.
1164 782 1272 867 Neque
1295 784 1389 862 enirn,
1411 786 1439 846 si

396 870 500 931 ‘tribu
517 890 636 931 movere
651 881 765 953 posset,
780 870 859 951 quod
875 871 916 931 sit
930 870 1006 931 nihil
1026 870 1120 949 aliud,
1143 892 1234 952 quam
1250 883 1369 933 mutare
1387 869 1442 952 ju·

397 957 493 1017 ‘bere
520 956 642 1033 tribum,
669 956 738 1017 ideo
762 957 904 1018 omnibus
930 957 1063 1039 quinque
1088 968 1121 1018 et
1148 958 1275 1039 triginta
1303 956 1443 1019 tribubus

395 1042 559 1104 ‘emovere
583 1062 692 1124 posse3
728 1040 761 1102 id
784 1054 842 1120 est,
866 1042 1020 1104 civitatem
1044 1044 1278 1123 libertatemque
1302 1044 1418 1124 eripere
1430 1064 1443 1120 ς

397 1128 408 1160 ‘
423 1148 496 1204 non,
511 1128 562 1190 ubi
579 1139 748 1206 censeatur,
763 1128 861 1206 linire,
876 1128 930 1191 sed
944 1150 1036 1191 censu
1052 1128 1234 1191 excludere!
1271 1127 1346 1191 Hae
1361 1128 1445 1190 inter·

222 1204 256 1274 ln
269 1223 368 1286 &quiit-
398 1214 480 1296 ipsos
503 1213 690 1297 disceptata:
713 1225 867 1296 postremo
886 1236 924 1275 eo
940 1213 1118 1277 descensum
1138 1227 1196 1293 est,
1210 1226 1246 1277 ut
1259 1235 1299 1277 ex
1313 1226 1447 1296 quatuor

224 1304 279 1371 ¹²¹¹!
291 1290 376 1367 sapum
398 1300 519 1362 urbanis
534 1300 670 1363 tribubus
684 1320 776 1361 unam
799 1300 947 1383 palentin
965 1301 1043 1362 atrio
1065 1299 1229 1363 Libertatis
1252 1302 1444 1377 sortirentur,

227 1368 328 1471 affl
338 1356 367 1403 Μ’
398 1386 430 1448 ἰιι
445 1405 535 1467 quam
548 1406 664 1466 ornnes,
680 1386 731 1467 qui
742 1366 916 1448 servitbtem
931 1387 1103 1464 servissent,
1113 1385 1310 1469 conjicerent.
1331 1384 1444 1467 quui-

399 1472 468 1533 linae
491 1493 555 1534 sors
572 1473 667 1534 exiit:
704 1472 735 1533 in
760 1492 797 1533 ea
810 1471 861 1534 it.
876 1470 1033 1534 Gracchus
1047 1474 1270 1553 pronunciavit,
1285 1473 1443 1534 libertinos

399 1578 505 1619 omnes
521 1558 636 1621 censeri
648 1558 778 1640 placere.
806 1556 924 1641 Magno
939 1579 977 1620 ea
988 1580 1034 1619 res
1049 1558 1157 1622 honori
1170 1560 1345 1622 censoribus
1359 1559 1445 1641 apud

399 1657 537 1707 senatum
553 1643 621 1707 luit.
636 1644 741 1727 gratiae
755 1656 830 1706 aetae
844 1658 877 1708 et
891 1642 1082 1727 Sempronio,
1111 1647 1163 1727 qui
1188 1647 1219 1706 in
1235 1646 1312 1707 bene
1338 1658 1444 1729 eoepto

230 1742 332 1793 &murs
347 1760 384 1794 se·
399 1741 618 1812 perseverasset
626 1752 636 1807 ;
659 1740 691 1792 et
706 1729 846 1809 Claudio,
861 1732 913 1812 qui
929 1731 1183 1813 notrinpedisset.
1221 1730 1335 1811 Plures,
1351 1750 1445 1813 quant

229 1821 282 1858 ’Μ
299 1821 369 1873 gesta.
398 1817 639 1899 asuperioribus,
655 1828 688 1878 ct
703 1819 728 1863 ⁶⁷
741 1829 848 1879 senatu
864 1818 957 1878 emoti
972 1828 1052 1895 sunt,
1064 1828 1095 1879 et
1107 1838 1201 1898 equos
1214 1818 1344 1879 vendere
1356 1816 1445 1899 jussi.

398 1922 504 1964 omnes
518 1902 609 1964 iidem
630 1902 669 1963 ab
692 1914 820 1983 utroque
844 1914 876 1963 et
898 1904 927 1957 .⁶⁸
939 1903 1019 1964 tribu
1042 1904 1162 1981 remoti,
1184 1916 1217 1966 et
1236 1904 1331 1966 cerarii
1345 1904 1444 1966 facti:

397 1990 488 2069 nequi
504 1988 602 2066 ullius,
624 2008 712 2071 quem
736 1989 813 2049 alter
827 1998 957 2066 notaret,
980 1990 1020 2049 ab
1035 1990 1132 2050 altero
1146 1990 1247 2075 levata
1265 1990 1448 2071 ignominia.

398 2073 584 2151 Petentibus,
606 2086 641 2135 ut
663 2095 701 2135 ex
726 2074 869 2136 instituto
894 2074 934 2135 ad
959 2088 1042 2136 sarta
1068 2086 1151 2137 tecta
1172 2076 1334 2157 exigenda,
1356 2088 1390 2137 et
1403 2077 1445 2139 ad

397 2182 500 2252 opera,
520 2181 585 2241 qua
600 2160 762 2237 locassent,
785 2160 953 2242 probantia,
979 2163 1005 2201 ⁶⁹
1018 2161 1089 2221 anni
1110 2174 1143 2222 et
1164 2161 1308 2224 bimensis
1323 2174 1446 2244 tempus

354 2296 361 2308 .
397 2258 621 2328 prorogaretur,
644 2244 701 2307 Cn.
715 2243 897 2309 Tremellius
912 2246 1059 2325 tribunus,
1081 2248 1153 2327 quia
1176 2247 1272 2309 lectus
1293 2269 1355 2309 nun
1378 2259 1445 2310 etat

397 2334 429 2393 in
444 2344 595 2411 senatum,
618 2332 799 2393 intercessit.
842 2330 960 2394 Eodem
975 2352 1057 2395 annu
1073 2332 1109 2394 C.
1124 2332 1278 2395 Cicereius
1292 2335 1389 2396 aedern
1410 2334 1445 2397 iu

398 2496 463 2545 porse
474 2481 503 2529 de
519 2482 613 2529 decreto
624 2481 683 2543 quod
696 2482 764 2535 modo
781 2480 854 2529 istum
870 2496 907 2529 es·
969 2479 993 2517 ⁶⁷
1008 2480 1091 2529 Senatu
1106 2483 1169 2529 emoti
1187 2482 1252 2545 sunt]
1276 2483 1354 2545 Magis
1369 2484 1449 2548 pisce.

400 2559 445 2602 set,
459 2546 497 2621 sed
513 2547 541 2592 de
560 2560 624 2593 more
637 2548 685 2608 jtrn
704 2560 746 2612 per
764 2544 906 2608 aliquantum
938 2555 974 2593 ret
988 2555 1065 2622 tenum
1081 2547 1134 2593 moti
1153 2555 1215 2596 sunt.
1247 2547 1286 2597 sio
1307 2549 1369 2596 enirn
1386 2552 1449 2600 sulet

400 2621 824 2738 “illlis‘i‘li'.⁰'ngsa.un.]
841 2675 908 2722 uu.
938 2610 1314 2734 llbiilffiriif‘iulallf
1327 2631 1449 2743 limbi

404 2753 482 2788 earum
496 2740 584 2799 argenti
600 2739 734 2786 nostratium
750 2742 803 2790 117.
814 2755 908 2788 seusun
939 2752 964 2788 st
987 2741 1026 2787 16.
1059 2740 1105 2786 Sed
1119 2741 1157 2788 bie
1177 2742 1268 2806 supplet
1286 2758 1313 2790 es
1331 2759 1383 2807 quse
1400 2744 1451 2794 illie

403 2805 525 2852 cisrumli.
940 2803 1056 2852 omiserat.

417 2865 457 2902 ’ω
475 2867 579 2915 asienus
591 2869 635 2928 jus
646 2865 738 2931 suctum
758 2867 800 2928 est]
828 2869 909 2916 Credi·
973 2865 997 2900 ⁰⁸
1014 2866 1179 2932 tntum]
1198 2869 1302 2918 Soleuu'u
1317 2883 1343 2921 et
1354 2875 1449 2940 proprie

405 2948 457 2980 mus
475 2930 512 2978 bie
532 2932 614 2994 aliquid
635 2933 753 2990 excidisse,
773 2945 798 2980 et
818 2948 909 2980 sensnm
941 2931 1027 2982 locutio
1037 2943 1081 2988 est,
1089 2935 1149 2980 tribu
1158 2936 1216 2981 eruti.

405 2998 442 3044 vix
459 2995 526 3044 aliter
542 3008 648 3045 constsre
665 3012 740 3060 posse,
761 3012 829 3058 quern
845 2998 910 3045 sile·
946 3012 949 3017 ’
973 2995 997 3033 ⁶9
1013 2995 1075 3042 Arsai
1101 3007 1123 3044 et
1154 2996 1259 3061 blerensis]
1296 2998 1351 3050 Hoe
1377 3003 1449 3052 nobi.

406 3077 494 3122 gamus,
521 3065 545 3109 its
571 3061 669 3108 tribubus
697 3063 785 3110 rttstr'er's
814 3062 913 3109 ansoni
943 3062 1007 3140 vplde
1018 3072 1148 3140 suspectum
1160 3075 1202 3141 est.
1234 3063 1312 3112 Primo
1325 3067 1389 3116 enirn
1403 3071 1454 3118 du.

406 3125 698 3250 tributarie?
721 3125 913 3251 lbffilllilz
942 3128 1088 3252 tint:
1102 3128 1454 3260 truttmunt

406 3269 486 3304 utrum
508 3267 655 3304 temerentur
676 3253 789 3310 libertini,
813 3255 854 3322 sed
874 3254 914 3302 ubi
944 3254 1036 3303 Deinde
1051 3255 1106 3302 illud
1122 3256 1220 3320 spetlum
1238 3260 1293 3306 suni
1311 3272 1336 3308 et
1352 3262 1452 3314 daonm

408 3333 567 3369 censerentur.
599 3320 753 3368 Beneautem
770 3321 786 3367 ii
803 3321 828 3367 in
843 3320 915 3368 tribus
945 3319 1059 3368 mensium
1082 3335 1127 3368 nee
1151 3337 1204 3369 eum
1225 3321 1329 3382 legitimo
1347 3343 1452 3379 censum

407 3387 502 3434 rusticis
520 3384 682 3442 admittuntur,
701 3386 739 3447 qni
760 3387 845 3448 prodis
863 3399 914 3431 rus·
945 3386 1019 3450 spatio
1039 3387 1151 3444 emeruit,
1169 3401 1213 3434 uec
1228 3387 1379 3442 videmusne
1397 3395 1452 3457 quid

407 3453 453 3499 ties
470 3450 590 3502 baberent.
623 3449 700 3497 Potest
712 3449 831 3498 venireiu
847 3463 914 3496 rnen·
945 3448 1027 3497 reterri
1046 3449 1124 3511 possis.
1156 3449 1277 3500 Credimus
1297 3453 1387 3505 livium
1408 3460 1455 3509 de-

409 3527 468 3572 tem,
485 3530 531 3562 nou
549 3515 725 3563 contemnendas
741 3515 811 3561 luisse
827 3514 915 3560 divitias
946 3514 1005 3562 disse
1023 3515 1077 3560 orori
1093 3522 1114 3561 st
1128 3512 1168 3561 Vr.
1179 3518 1296 3564 madunt
1309 3523 1464 3586 quodquam·

410 3579 456 3627 illis
484 3579 623 3643 temporibus
659 3579 789 3626 sestertium
823 3578 915 3638 triginta
946 3580 992 3626 hoc
1005 3578 1074 3624 modo
1083 3579 1191 3641 scripturn
1202 3591 1274 3638 esset,
1287 3585 1363 3647 primo
1377 3587 1457 3638 unm

410 3644 483 3694 stillis
497 3645 520 3692 itt
536 3644 626 3708 prsedtis
636 3644 735 3699 rusticis,
748 3653 820 3706 quum
830 3643 917 3705 aliquot
950 3643 1002 3690 Vin
1016 3640 1222 3693 Bobsfflrtitsteut
1239 3646 1290 3694 soni
1307 3662 1393 3700 mtusts
1403 3666 1456 3704 ese:

411 3709 477 3758 sonis
500 3721 551 3773 post
572 3709 616 3756 Cn.
635 3707 746 3771 Scipionis
767 3707 823 3755 filiae
844 3709 885 3754 dos
902 3723 916 3755 e
949 3709 1009 3754 unde
1030 3707 1112 3769 uliquis
1130 3709 1233 3758 librarius
1253 3725 1325 3774 quum
1344 3718 1458 3780 reperiret

410 3773 502 3838 publico
533 3772 656 3822 constitute
680 3773 719 3832 sit,
752 3783 812 3821 teste
838 3768 918 3819 Valet.
946 3772 1083 3830 bimessirsss,
1111 3774 1249 3822 existimarit
1280 3793 1306 3826 se
1337 3781 1459 3834 lecturum

411 3839 479 3888 Max.
497 3837 565 3887 btv.
576 3853 598 3885 e.
616 3840 639 3884 l.
657 3835 803 3898 quodraginta
819 3835 917 3884 millium
948 3851 1000 3885 esse
1022 3851 1097 3898 operte
1113 3839 1222 3900 pretium,
1239 3839 1258 3887 si
1279 3845 1404 3909 corrigeret
1422 3849 1461 3898 ιη’.

411 3905 465 3951 seris
484 3902 565 3964 grstia,
587 3901 610 3948 id
633 3913 677 3958 est,
696 3901 796 3949 sedecim
820 3901 917 3950 tuillium
948 3901 1033 3948 means.
1065 3901 1147 3961 igitur
1169 3919 1240 3965 quum
1264 3921 1370 3958 censores
1396 3913 1459 3963 inm

412 3969 552 4018 sestertium.
584 3965 631 4012 Sed
648 3965 715 4015 stelle
733 3966 918 4029 respondebimus
951 3965 1208 4015 suuietsesmensiutn
1217 3971 1328 4033 spetlum,
1342 3991 1461 4038 quom.

412 4033 474 4080 berte
492 4033 565 4098 ipsam
582 4031 652 4078 fuisse
668 4045 788 4080 censorum
807 4040 921 4087 urentem,
950 4045 1002 4077 surr
1011 4029 1140 4088 finiebatur,
1155 4047 1201 4079 nort
1215 4037 1343 4097 poenineat
1356 4051 1381 4088 et
1395 4056 1459 4093 sem

414 4105 442 4143 ut
454 4097 478 4142 in
496 4097 569 4145 tribus
586 4097 684 4144 rusticas
702 4109 749 4143 non
770 4096 920 4144 admitteren-
951 4105 1014 4142 tecta
1034 4093 1133 4155 exigere,
1148 4108 1172 4144 et
1189 4113 1258 4161 opers
1271 4117 1324 4164 qua
1344 4103 1462 4160 im

412 4159 778 4273 l‘ulllllilllliltrl
798 4159 920 4272 Ἥ
950 4158 1053 4270 ’Ἢ
1071 4161 1222 4273 supp.
1246 4176 1282 4277 t
1298 4178 1380 4216 ’Μ’
1405 4188 1461 4222 ⁰²·

413 4303 457 4364 pro
468 4239 532 4336 cerii
545 4240 698 4338 rismodis
715 4239 854 4345 animbn’est,
872 4290 921 4346 sed,
949 4233 996 4350 {tid
1014 4238 1270 4342 totsbrmcoeiistirsbtviin
1283 4241 1463 4362 ‘mam

414 4367 439 4400 ru
467 4353 535 4400 rebus
560 4353 710 4416 perobscuris,
735 4365 844 4416 tanusm
871 4367 919 4401 nou
949 4367 1003 4399 eum
1013 4358 1370 4428 potestessesseussehmquoe
1380 4379 1463 4433 ηιμ.

410 4418 509 4532 punies
526 4415 674 4494 improbabile
691 4420 773 4469 lectori
789 4419 920 4484 expenden-
950 4427 1015 4464 ersut
1025 4417 1168 4481 perficientis.

429 4491 621 4547 supersistere.
