3184 5225
494 384 572 443 LIB.
585 384 694 483 XLlV.
715 384 797 445 CAP.
812 386 911 447 XVII.
1165 396 1223 457 1³7

177 537 231 619 qui
255 536 505 620 tribunusplebis
521 560 573 602 eos
592 540 740 603 violenter
766 544 792 582 ⁹⁶
803 552 983 618 accusarat3
1007 540 1087 603 triba
1103 562 1222 626 quoque
1236 538 1270 592 U·
1283 540 1312 591 C·
1324 542 1384 593 ⁵8³·

179 626 206 686 is
220 635 334 701 motus,
360 628 387 665 θ’
397 636 429 686 et
452 626 570 687 acatius
595 627 702 689 lactus.
746 626 796 688 Ad
820 648 913 709 opera
936 628 1059 710 publica
1082 628 1224 690 iacienda
1237 604 1305 655 Ν·
1326 604 1382 657 ¹⁶⁹·

178 730 273 795 quum
289 711 332 771 eis
348 709 507 774 dimidium
523 733 561 773 ex
576 714 771 795 vectigalibus
792 712 858 794 ejus
879 714 951 775 anni
977 714 1165 776 adtributum
1185 736 1225 777 ex

182 796 479 859 senatusconsultoa
500 800 696 880 quaestoribus
718 812 817 877 esset3
840 797 890 860 Ti.
916 798 1111 882 Sempronius
1134 821 1172 861 ex
1189 822 1226 862 ea
1249 833 1252 839 ,

180 884 323 1027 ppcunia,
351 904 416 965 quta
442 884 499 967 ipsi
525 885 678 947 adtributa
696 896 773 963 erat,
800 885 880 946 tedes
901 884 934 947 P.
947 886 1083 947 Africani
1108 888 1226 968 ⁹⁷pone

214 980 310 1031 etcres
333 970 373 1031 ad
399 967 561 1032 Vortumni
599 972 730 1052 signum,
758 974 784 1011 ⁹⁸
800 971 996 1052 lanienasque
1026 984 1058 1034 et
1084 972 1227 1033 tabernas

182 1054 364 1136 conjunctas
396 1057 427 1117 in
455 1057 607 1139 publicum
640 1058 725 1135 emit,
759 1061 785 1098 ⁹⁹
798 1058 1017 1139 basilicamque
1054 1056 1227 1119 faciendam

181 1142 309 1217 curavit,
325 1162 390 1223 quae
405 1154 512 1224 postca
528 1142 710 1226 Sempronia
726 1144 880 1225 adpellata
895 1157 952 1206 est.

225 1224 330 1289 XVII.
345 1226 416 1288 Jam
440 1230 470 1290 in
493 1230 576 1292 exitu
599 1250 695 1291 annus
722 1242 799 1307 crat,
824 1242 856 1291 et
882 1242 1006 1313 propter
1031 1227 1227 1293 Macedonici
1313 1258 1317 1265 ·

182 1314 319 1381 maxime
334 1314 404 1375 belli
421 1334 523 1376 curam
540 1317 570 1377 in
581 1316 770 1377 sermonibus
780 1316 919 1377 homines
932 1316 1096 1393 habebant,
1108 1336 1183 1399 quos
1196 1317 1228 1377 in

184 1420 299 1461 annum
315 1401 453 1461 consules
468 1402 507 1463 ad
522 1400 688 1463 finiendum
701 1402 826 1464 tandem
837 1402 869 1462 id
878 1402 991 1463 ballum
1004 1414 1152 1463 crearent.
1167 1402 1228 1463 ita-

185 1506 245 1567 que
256 1488 553 1549 senatusconsultum
570 1489 683 1550 factum
699 1500 756 1565 est,
772 1502 807 1549 ut
819 1487 876 1549 Cn.
887 1486 1030 1549 Servilius
1040 1488 1139 1571 primo
1151 1508 1228 1569 quo

186 1592 245 1653 que
261 1584 399 1654 tempore
415 1574 454 1634 ad
470 1575 596 1635 comitia
611 1574 753 1635 habenda
766 1575 891 1636 veniret.
925 1572 1228 1635 Senatusconsultum

188 1661 198 1697 ¹
218 1656 369 1740 Sulpicius
389 1670 500 1741 praetor
522 1661 562 1721 ad
583 1662 736 1722 consulem
749 1663 769 1701 ³*
784 1672 855 1743 post
873 1680 986 1743 paucos
1002 1661 1066 1722 dies
1081 1660 1229 1737 recitavit,

187 1744 296 1825 quibus
311 1756 383 1805 ante
398 1746 478 1807 dicm
495 1748 535 1788 *Ν
553 1748 584 1809 in
599 1748 706 1809 urbem
729 1759 898 1808 venturum.
942 1746 983 1808 Et
1007 1747 1113 1807 consul
1128 1757 1229 1808 matu-

187 1830 276 1907 ravit,
307 1843 338 1892 et
368 1832 493 1894 comitia
522 1854 559 1894 eo
587 1833 645 1910 die,
671 1833 722 1913 qui
748 1832 848 1894 dictus
878 1843 954 1911 erat,
985 1846 1056 1894 sunt
1085 1832 1229 1915 perlecta.
1243 1854 1355 1906 emam,

187 1914 336 1977 Consules
357 1920 451 1980 creati
465 1916 510 1980 Ἰι.
535 1916 678 1980 AEmilius
703 1917 822 1980 Paullus
848 1920 969 1997 iterum,
991 1918 1148 2000 ²septimo
1175 1919 1228 1980 de-

186 2002 268 2063 cimo
296 2023 375 2065 anno
402 2016 562 2086 postquam
585 2005 685 2087 primo
709 2005 815 2066 consul
842 2005 953 2081 fuerat,
977 2017 1009 2067 et
1035 2004 1071 2065 C.
1097 2002 1231 2066 Licinius

188 2087 326 2151 Crassus.
371 2088 514 2152 Praetores
542 2103 664 2172 postero
689 2090 737 2153 die
763 2090 837 2152 facti
861 2089 918 2152 Cn.
945 2089 1063 2153 Baebius
1082 2089 1232 2171 Tamphi-

188 2174 247 2251 lus,
275 2172 310 2237 1..
333 2173 459 2237 Anicius
486 2174 601 2255 Gallus,
627 2176 685 2238 Cn.
707 2177 865 2255 Octavius,
889 2176 922 2237 P.
938 2176 1082 2238 Fonteius
1107 2174 1232 2254 Balbus,

189 2258 238 2322 M.
261 2258 510 2339 AEbutius·Elva,
526 2262 562 2324 C.
580 2261 716 2345 Papirius
740 2261 851 2323 Carbo.
895 2262 1009 2324 Omnia
1032 2277 1068 2326 ut
1085 2263 1232 2324 maturius

187 2359 363 2427 agerentur,
378 2348 450 2409 belli
466 2347 662 2409 Macedonici
681 2349 860 2410 stimulabat
875 2369 955 2410 cura.
974 2349 1076 2429 itaque
1090 2348 1232 2429 designa·

185 2443 236 2493 tos
264 2433 421 2514 extemplo
433 2434 542 2495 'sortiri
571 2434 685 2517 placuit
700 2436 890 2517 provincias3
913 2446 958 2511 ut,
973 2436 1032 2496 utri
1048 2432 1234 2495 Macedonia

190 2518 323 2595 consuli,
348 2518 478 2600 ³cuique
504 2521 623 2603 praetori
646 2520 750 2581 classis
773 2520 915 2597 venisset,
941 2521 1089 2581 sciretur:
1113 2530 1149 2580 ut
1166 2518 1232 2599 jam

190 2603 264 2666 inde
280 2604 453 2686 cogitarent
467 2615 677 2688 pararentque,
693 2627 758 2687 quae
774 2606 853 2668 bello
868 2605 934 2667 rrsui
945 2605 1055 2683 forent,
1075 2617 1231 2668 senatum·

189 2711 249 2771 que
263 2690 466 2769 consulerent,
482 2693 506 2752 si
523 2713 583 2774 qua
598 2712 631 2753 re
646 2693 784 2754 consulto
801 2713 876 2774 opus
888 2705 977 2755 esset.
1010 2693 1021 2725 ‘
1035 2691 1170 2769 Latinas,
1179 2692 1232 2752 ubi

190 2777 430 2858 ‘magistratum
456 2778 610 2856 inissent,
624 2777 706 2859 quod
732 2799 786 2861 per
812 2779 973 2860 religiones
992 2791 1107 2861 posset,
1133 2778 1233 2861 primo

188 2861 200 2896 ⁸
215 2881 331 2944 quoque
343 2875 482 2945 tempore
493 2863 558 2926 fieri
573 2865 713 2946 placere3
735 2885 833 2946 neque
848 2865 1016 2943 consulem,
1032 2867 1080 2926 cui
1096 2865 1231 2925 eundum

190 2949 202 2982 ‘
217 2949 248 3010 in
260 2947 476 3011 Macedoniam
489 2962 579 3028 essct,
596 2948 710 3012 teneri!
739 2949 797 3012 His
808 2951 949 3028 decretis,
958 2952 1132 3014 consulibus
1144 2949 1235 3012 ltalia

192 3045 225 3096 et
238 3031 434 3113 Macedonia,
449 3037 636 3119 practoribus,
652 3047 760 3118 prater
775 3037 849 3098 duas
859 3037 1086 3120 Junsdrctroues
1101 3038 1133 3098 in
1148 3036 1235 3115 urbe,

185 3120 306 3199 'classis
321 3135 353 3184 et
368 3119 529 3204 Hispania,
543 3136 576 3184 et
600 3121 715 3200 Sicilia,
736 3135 769 3185 ct
789 3121 930 3185 Sardinia
949 3124 1110 3205 provincia
1133 3123 1235 3184 nomi·

196 3217 276 3268 natae
297 3218 374 3268 sunt.
418 3207 595 3286 Consulum,
619 3206 746 3271 AEmilio
776 3207 973 3285 Macedonia,
998 3208 1116 3270 Licinio
1145 3206 1236 3269 ltalia

193 3291 305 3353 evcnit.
349 3291 501 3372 Praetores,
528 3292 585 3355 Cn.
611 3292 729 3355 Baebius
754 3295 915 3371 urbanam,
943 3292 979 3353 L.
996 3293 1122 3355 Anicius
1147 3312 1235 3374 pere-

197 3375 327 3458 grinam,
342 3380 412 3441 etsi
427 3401 487 3460 quo
503 3391 626 3442 senatus
642 3379 820 3456 censuisset,
844 3377 902 3440 Cn.
926 3377 1070 3440 Octavius
1095 3379 1236 3456 classem,

194 3460 228 3524 P.
244 3461 386 3527 Fonteius
413 3464 606 3548 Hispaniam,
632 3462 680 3526 M.
696 3462 842 3526 AEbutius
866 3461 1015 3543 Siciliam,
1039 3462 1076 3526 C.
1099 3464 1236 3549 Papirius

192 3545 367 3612 Sardiniam
383 3563 431 3614 est
444 3553 579 3614 sortitus.

177 3731 181 3739 ·
222 3699 388 3764 ΗΜ]
420 3701 482 3750 Libri
503 3714 556 3750 ante
578 3700 696 3764 sigonium
730 3700 891 3750 xxvr.c.27.

190 3763 306 3814 habebant
315 3777 442 3815 arcaccrrtr
459 3769 575 3817 mendose.
763 3764 893 3825 ¹Salpiciur
909 3772 988 3826 pretor
1000 3764 1031 3811 ad
1046 3764 1154 3812 maclam
1164 3763 1234 3828 mida]

223 3827 400 3892 ammaus]
431 3831 600 3882 HocaPulvio
610 3830 698 3880 Ursino
730 3826 778 3878 Hic
797 3828 861 3878 lotus
879 3829 998 3894 suppletas
1019 3839 1055 3876 est
1075 3843 1104 3876 ex
1126 3827 1237 3877 Gronorii

192 3905 238 3942 ut.
265 3893 331 3942 Prius
343 3900 496 3957 utopsrcrr'm.
730 3906 822 3942 mente:
841 3907 941 3951 tanturn,
956 3895 1005 3942 dica
1020 3909 1108 3956 quase
1119 3892 1143 3940 in
1154 3893 1236 3942 urbem

163 4010 165 4018 ¹
226 3957 249 3994 ⁰¹
260 3957 320 4006 Pom
329 3961 420 4024 wara]
439 3961 483 4011 Vel
502 3961 588 4010 excidit
605 3975 701 4017 nornen,
730 3972 855 4008 venturum
870 3957 1082 4016 unhemtconsut
1098 3971 1163 4006 certo
1181 3959 1237 4008 defi·

194 4022 255 4083 quod
267 4025 378 4088 jangrtur
387 4027 422 4086 aa
432 4037 518 4083 auem,
526 4025 564 4073 vel
576 4039 601 4073 ur
612 4027 636 4072 in
655 4025 700 4074 illis
730 4023 774 4072 uiri
784 4039 830 4072 non
842 4028 925 4088 potuit.

171 4086 293 4136 ‘letamen
304 4088 493 4153 appellationibus
509 4090 558 4138 fieri
569 4090 636 4152 soler,
647 4091 698 4138 bre·
762 4089 959 4150 2Scptimodecinro
978 4087 1047 4150 runo]
1090 4089 1139 4137 lma
1155 4089 1238 4137 docimo

172 4151 268 4201 -vitaris
291 4169 360 4202 causa
382 4169 411 4202 cx
434 4173 478 4204 ura
505 4155 621 4204 communi
644 4172 697 4220 sup·
731 4163 820 4216 prauo,
834 4153 879 4210 vel,
893 4156 914 4202 ci
931 4153 1109 4203 amusement
1124 4156 1236 4203 mainu-

193 4216 343 4280 primrberar.
374 4219 436 4268 lllud
454 4223 558 4286 supplere
579 4235 626 4268 non
645 4235 699 4270 nos·
732 4219 1038 4280 merenturmectmquiau.

193 4291 307 4332 mmm
764 4282 871 4346 'Cuique
878 4285 966 4344 pretori
976 4286 1048 4332 classis
1057 4283 1155 4346 uuiaet]
1175 4285 1236 4346 1³20

166 4379 174 4398 a
225 4347 380 4415 ”hunred
394 4349 698 4415 SicTurnebusjusritlegl.
730 4346 1020 4406 mulnetflelobcmiect.
1052 4350 1091 4398 Sic
1109 4352 1171 4399 enim
1186 4351 1236 4399 ubi·

192 4409 271 4460 Antea
281 4413 361 4471 leus.
730 4417 776 4475 que
787 4411 871 4461 Lirim.

225 4474 387 4542 ”aarum
422 4478 477 4529 vu.
495 4490 544 4528 aot.
566 4480 607 4528 ll.
630 4477 658 4528 ad
680 4477 697 4526 l.
