3184 5225
519 413 687 477 Llssnols„
710 414 883 477 DEI'ERD.
1172 419 1233 478 2⁴15

169 553 230 638 ὀὶ,
240 567 386 646 perculsis
396 568 528 626 adventu
562 565 604 626 ‘us
614 568 665 640 iis,
679 569 732 648 qui
755 569 787 624 is
808 568 990 651 sumniniqui
1009 578 1104 644 crant,
1125 567 1233 654 *quum

194 647 491 711 mammasti·
596 653 637 716 et,
651 646 882 707 cmsulcreatus
895 655 948 708 est.
974 667 976 670 ·

636 1111 802 1229 'cxxj
863 1265 869 1286 1

235 1344 335 1404 Casas
347 1344 449 1413 consul
461 1342 552 1422 leqsm
567 1345 639 1404 tulit
652 1345 689 1403 sle
707 1345 866 1424 quastione
881 1343 1014 1406 babendo
1035 1349 1066 1408 in
1087 1367 1144 1418 eos,
1166 1371 1237 1430 quo-

194 1432 459 1564 'o“''ilii.·ll’“‘1‘›'
469 1423 1036 1564 fflilibl'b'blb‘lbbssssi
1051 1425 1238 1571 ‘'oll‘b

195 1581 324 1638 Antonio
346 1581 424 1638 vires
448 1579 571 1638 Asinius
594 1544 708 1658 quoque
733 1579 834 1638 Pollio
857 1588 887 1638 et
912 1580 1069 1640 Munatius
1095 1581 1238 1657 Plancus,

195 1677 259 1718 cum
271 1659 449 1716 exercitibus
462 1658 524 1716 suis
536 1657 683 1734 asip'uncti,
697 1657 907 1734 ‘ampliassent
926 1667 956 1716 et
977 1659 1017 1716 D.
1044 1659 1168 1730 Brutus,
1190 1665 1241 1722 cui

196 1745 324 1804 senatun
353 1745 388 1794 ut
406 1743 634 1826 persequeretur
656 1737 826 1802 Antonium,
850 1737 1054 1808 nsnndouesat,
1078 1738 1200 1798 relictus
1219 1763 1240 1802 a

198 1813 358 1890 leqionibus
369 1831 442 1884 sust,
451 1814 532 1891 prens
566 1814 654 1876 isset,⁸
666 1813 758 1888 jussu
770 1814 906 1883 Antonii,
925 1815 956 1872 in
970 1815 1053 1890 cujus
1063 1823 1240 1893 potestatem

196 1901 326 1961 uenerat,
346 1913 366 1950 a
390 1893 506 1968 Capeno
525 1833 658 1968 &quana
681 1889 857 1966 interjectus
878 1900 933 1951 est.
978 1892 1010 1950 C.
1029 1893 1126 1952 Cesar
1136 1914 1241 1972 pacem

196 1989 260 2027 eum
273 1970 403 2028 Antonio
415 1978 446 2027 et
459 1969 570 2046 Lepido
580 1968 681 2044 fecit:
703 1969 749 2026 ita
762 1976 797 2026 ut
817 1971 937 2026 tresviri
950 1969 1119 2048 reipublice
1132 1975 1240 2032 consti-

199 2049 311 2106 tuentia
319 2066 377 2126 per
390 2047 616 2126 quinquennium
631 2053 726 2104 essent
739 2047 813 2123 ipse,
826 2053 855 2102 et
869 2045 1010 2136 lepidus,
1032 2056 1062 2104 et
1075 2049 1241 2116 Antoninss

198 2134 227 2184 et
239 2134 274 2183 ut
287 2143 355 2184 suos
373 2125 496 2204 quisque
510 2124 641 2182 inimicos
657 2123 886 2201 proscriberent.
902 2143 933 2180 sn
946 2143 1007 2201 quo
1025 2127 1242 2205 poscriptione

194 2203 318 2281 plurimi
340 2205 454 2280 equites
477 2201 614 2269 Romani,
641 2209 756 2259 centum
784 2201 912 2276 triqinto
938 2210 1104 2260 senatorum
1115 2207 1243 2280 pomino

191 2282 330 2357 fuerunt,
345 2289 376 2338 et
388 2282 467 2338 inter
479 2298 527 2340 eos
540 2279 575 2336 L.
590 2278 697 2337 Paulli
701 2279 819 2353 fratris
831 2277 876 2336 M.
893 2279 1009 2356 Lepidi,
1023 2288 1053 2338 et
1067 2281 1101 2338 L.
1118 2281 1242 2343 Ceteris

199 2359 323 2416 Antonii
335 2358 486 2426 avunculi,
507 2366 537 2414 et
552 2355 597 2414 M.
624 2353 789 2414 Ciceronis.'
799 2355 897 2431 liujus,
912 2358 1001 2415 occisi
1020 2379 1039 2416 o
1054 2357 1186 2438 Popillio
1201 2361 1241 2420 le-

194 2439 332 2513 qionario
344 2436 450 2504 milite,
463 2455 554 2514 quum
567 2433 689 2492 baberet
702 2452 794 2492 annos
808 2435 964 2510 seeaqinto
979 2441 1048 2504 tres,
1068 2445 1158 2514 caput
1171 2458 1241 2516 quo·
1325 2459 1331 2468 ·

196 2535 252 2592 que
264 2533 330 2572 cum
343 2515 450 2573 deutra
462 2532 551 2571 manu
564 2512 594 2568 in
615 2512 721 2570 rostris
741 2513 872 2589 positum
885 2521 939 2572 est.
981 2513 1133 2574 Protereo
1156 2536 1203 2581 res
1222 2539 1243 2578 a

194 2596 238 2655 M.
253 2593 353 2659 Bsuto
366 2593 398 2653 in
414 2592 531 2653 Gracia
541 2597 644 2669 qestas
657 2589 796 2651 continet.

552 2848 899 2878 ml

652 3018 794 3095 CXXI.

242 3194 274 3254 0.
292 3195 424 3263 Cassius,
438 3195 487 3253 cui
499 3194 670 3251 mandatum
682 3214 702 3251 a
715 3202 820 3253 senatu
833 3202 909 3261 erat,
929 3200 963 3249 ut
977 3191 1164 3251 Dolabellam
1179 3194 1243 3251 boe·

200 3281 255 3329 tem
259 3273 437 3348 judicatum
451 3272 526 3330 bello
543 3280 781 3350 persequeretur,
804 3273 983 3328 auctoritate
1004 3270 1172 3347 reipublice
1190 3274 1244 3327 ael·

189 3352 290 3426 jutus,
305 3350 427 3427 Syriam
445 3368 508 3407 cum
522 3350 617 3408 tribus
638 3346 825 3416 exercitibus,
849 3350 901 3425 qui
923 3349 952 3402 in
973 3346 1072 3403 euclem
1089 3349 1245 3423 provincia

198 3428 294 3499 erant,
310 3430 342 3485 in
360 3436 539 3505 potestatem
557 3447 640 3485 suam
660 3427 785 3500 redeqit.
829 3424 1026 3491 Dolabellam,
1041 3424 1071 3479 in
1085 3424 1155 3481 urbe
1170 3424 1245 3483 Lao·

199 3508 282 3563 licea
294 3506 452 3575 obsessum,
471 3507 545 3564 mori
556 3507 660 3581 coiqit.
701 3504 746 3561 M.
761 3522 874 3582 quoque
890 3502 981 3560 Bruti
996 3500 1085 3579 jussu
1104 3502 1136 3559 0.
1152 3505 1244 3562 Anto·

195 3586 264 3643 nius
277 3592 397 3664 coptus,
410 3585 522 3645 acciws
535 3591 589 3642 est.
1180 3580 1184 3589 ’

646 4016 811 4093 CXXII.

190 4206 199 4220 ’
229 4196 283 4255 M:
305 4195 425 4253 Brutus
445 4194 587 4251 obversus
614 4190 746 4249 Tbracos
762 4209 870 4267 porum
892 4208 1031 4267 prospere
1055 4208 1114 4247 rem
1135 4194 1249 4267 qessits

187 4276 389 4352 omnibusque
400 4272 607 4329 transmarinis
614 4270 778 4347 provinciis
788 4266 1022 4346 exercitibusque
1033 4270 1063 4325 in
1073 4277 1250 4347 potestatem

186 4354 257 4429 ejus
270 4361 304 4411 et
331 4352 365 4411 C.
387 4350 486 4409 Cassii
503 4349 643 4420 redactis,
662 4352 793 4407 coierunt
815 4344 945 4422 Smyrna
966 4356 1088 4422 uterque
1108 4348 1149 4405 acl
1168 4349 1249 4406 ordi-

289 4540 303 4603 ‚⁴
315 4536 398 4595 ¹Qucum
409 4550 478 4588 omos
488 4534 628 4585 nmaiesin
640 4528 737 4597 hubent]
753 4528 807 4581 Vlia
818 4528 885 4597 tnta,
897 4546 946 4597 css.
957 4530 998 4581 ult.
1011 4530 1081 4597 hujus
1091 4528 1150 4583 libri.
