3184 5225
508 330 586 391 ΜΒ.
605 330 704 391 xm.
724 328 808 391 cnr.
827 316 865 385 V.
1172 335 1213 389 ss

157 489 295 567 volvens,
318 507 435 566 omnes,
458 499 643 571 nongentas
663 486 758 550 modo
779 484 912 563 Gracia,
934 484 988 547 sed
1001 483 1141 548 civitatee
1162 494 1211 547 et·
1223 490 1300 541 [tc.
1312 492 1369 543 ⁵7⁹·

158 577 234 655 inm,
260 574 466 658 legationibus
488 574 657 651 mittendis,
687 573 860 657 pollicendo
884 571 981 655 plura,
1011 592 1102 655 quam
1133 554 1296 654 pra-⁸⁴⁰·
1309 555 1364 607 ¹⁷²¹

159 662 285 739 stando,
306 662 364 723 sibi
381 660 576 723 conciliabat.
620 658 718 722 Erant
739 672 853 722 tamen
866 678 979 740 magna
993 678 1031 720 ex
1051 668 1136 741 parte
1151 659 1211 719 bo·

160 750 281 811 minum
296 748 336 809 ad
351 747 484 809 favorem
510 745 576 827 ejus
599 746 737 809 inclinati
757 746 862 823 animi,
885 760 918 806 et
940 745 1096 826 aliquanto
1120 764 1212 825 quam

160 834 195 895 in
220 832 391 897 Eumenem
416 832 648 915 propensiores:
679 850 769 911 quurn
794 830 940 892 Eumenis
966 830 1119 892 beneficiis
1144 850 1212 891 rnn-

163 921 347 1001 neribusque
372 939 479 981 omnes
503 916 625 979 Graeciae
655 917 794 978 civitates
809 929 854 977 ‘et
880 916 1019 998 plerique
1043 917 1214 999 principum

165 1006 292 1087 obligati
309 1016 439 1067 'essentr
463 1018 495 1067 et
510 1005 555 1067 ita
569 1024 601 1065 se
627 1004 657 1063 in
674 1022 768 1084 regno
784 1022 839 1063 suo
853 1014 983 1082 gereret,
1004 1014 1049 1079 ut,
1072 1013 1139 1084 quae
1159 1003 1216 1063 sub'

164 1092 283 1154 ditione
308 1090 384 1173 ejus,
406 1090 516 1153 nrbese
538 1089 648 1152 nullius
670 1088 771 1151 liberae
786 1088 918 1149 civitatis
933 1088 1087 1149 forturmm
1110 1108 1215 1149 securo

162 1188 316 1239 mutatam
326 1178 453 1239 uellent.
473 1188 581 1239 contra
596 1174 705 1237 Persea
728 1174 811 1235 lama
832 1185 898 1236 erat
920 1184 990 1255 post
1011 1174 1107 1255 patris
1130 1194 1215 1234 mor-

164 1275 228 1325 tem
243 1283 372 1327 uxorem
389 1283 479 1325 manu
494 1282 549 1325 sua
563 1262 728 1323 occidisse:
752 1260 905 1343 Apellern,
927 1260 1098 1321 ministrum
1115 1279 1228 1347 quon-x

166 1349 240 1411 darn
262 1348 376 1409 fraudis
403 1350 433 1409 in
457 1348 549 1411 fratre
576 1347 724 1424 tollendo,
749 1358 842 1427 atque
871 1348 912 1407 ob
937 1345 970 1406 id
996 1346 1172 1427 requisitum
1195 1364 1217 1404 a
1290 1363 1295 1373 ·

165 1432 307 1516 Philippo
330 1433 372 1495 ad
385 1434 578 1515 supplicium,
602 1433 803 1511 exsulantem,
825 1433 1004 1493 arcessitum
1026 1443 1097 1513 post
1118 1430 1216 1513 patris

169 1532 299 1582 mortem
325 1519 499 1599 ingentibus
525 1520 679 1600 promissis
706 1520 746 1579 ad
775 1519 899 1600 praemia
920 1530 1013 1580 tante
1035 1527 1218 1600 perpetratae

168 1606 214 1669 rei
229 1605 306 1667 clam
331 1604 528 1667 interfecisse.
539 1605 702 1667 intestinis
726 1608 751 1644 ¹⁰
763 1606 955 1685 externisque
976 1614 1122 1687 praterea
1135 1602 1217 1663 mul-

167 1690 210 1753 tis
224 1690 356 1753 caedibus
371 1689 529 1766 infamem,
553 1711 610 1751 nec
628 1690 688 1751 ullo
704 1691 979 1753 commendabilem
995 1691 1116 1767 merito,
1139 1708 1217 1770 prse-

168 1776 310 1839 ferebant
325 1775 415 1855 vulgo
430 1775 568 1837 civitates
584 1787 648 1836 tarn
668 1777 719 1855 pio
734 1797 808 1857 erga
829 1777 1028 1858 propinquos,
1050 1788 1116 1837 tam
1130 1773 1219 1856 justo

167 1862 202 1923 in
217 1862 307 1938 cives,
330 1874 394 1923 tam
415 1862 560 1922 munifico
583 1880 657 1941 erga
678 1880 784 1921 omnes
808 1863 946 1923 homines
968 1863 1044 1944 regi,
1067 1882 1120 1923 seu
1135 1861 1221 1921 fama

168 1946 389 2029 etmajestate
411 1943 620 2008 Macedonum
646 1966 751 2025 regum
774 1949 975 2029 preoccupati
1002 1948 1042 2010 ad
1071 1961 1220 2030 spernen-

168 2034 242 2103 dam
267 2033 419 2113 originem
445 2034 515 2094 novi
542 2032 648 2113 regni3
680 2051 734 2092 seu
760 2033 938 2103 mutationis
964 2054 1062 2094 rerum
1089 2034 1220 2114 cupidi;

169 2140 224 2181 seu
239 2120 313 2200 quia
333 2139 403 2181 eum
427 2116 583 2199 objectum
608 2138 672 2179 esse
688 2116 835 2179 Romanis
849 2118 1002 2179 volebant.
1045 2118 1142 2179 Erant
1164 2137 1221 2178 an-

170 2216 235 2267 tem
250 2226 313 2291 non
328 2202 426 2267 AEtoli
441 2206 534 2267 modo
554 2204 586 2265 in
607 2203 819 2282 seditionibus,
841 2215 965 2287 propter·
988 2204 1143 2282 ingentem
1158 2202 1222 2262 vim

172 2292 241 2353 seris
255 2292 359 2368 alieni,
381 2290 436 2351 sed
455 2288 595 2353 Thessali
617 2290 730 2352 etiam:
757 2292 780 2327 ¹¹
794 2310 833 2349 ea
854 2288 1048 2369 contagione,
1070 2288 1153 2349 velut
1174 2298 1223 2348 ta·

172 2378 241 2452 bes,
263 2378 296 2439 in
311 2375 509 2439 Perrhaebiam
525 2378 645 2459 quoq'ue
669 2376 701 2437 id
722 2386 895 2457 pervaserat
913 2374 1038 2435 mdum.
1083 2374 1223 2443 ¹²Qumn

173 2459 341 2533 {incedes
356 2462 386 2523 in
401 2463 488 2525 armis
514 2484 579 2525 esse
603 2462 782 2523 nunciatam
802 2472 860 2539 est,
881 2460 943 2543 Ap.
958 2458 1121 2521 Claudium
1136 2460 1225 2540 lega·

175 2560 243 2610 tum
258 2548 364 2609 adeas
387 2569 433 2609 res
447 2549 658 2632 adspiciendas
681 2548 970 2631 componendasque
992 2557 1114 2607 senatus
1130 2546 1226 2607 misit.

174 2633 248 2712 Qui,
280 2635 435 2716 utriusque
463 2636 559 2718 partis
585 2636 770 2718 principibus
797 2634 964 2715 castigatis,
991 2654 1084 2714 quum
1109 2633 1225 2714 injusto

173 2720 291 2806 loenore
306 2732 465 2803 gravatum
487 2743 527 2784 aes
550 2723 693 2798 alienum,
715 2720 788 2802 ipsis
809 2741 921 2801 magna
943 2741 983 2781 ex
1004 2731 1091 2801 parte
1112 2727 1227 2779 concess

175 2807 328 2884 dentibus,
360 2808 411 2888 qui
435 2821 607 2886 onerarent,
635 2807 773 2884 levasset,
800 2805 876 2887 justi
906 2807 1013 2868 crediti
1041 2805 1227 2866 solutionem

175 2894 244 2954 ¹³io
266 2892 472 2958 ¹¹¹¹annorum
503 2896 663 2977 pensiones
691 2893 855 2955 distribuit.
899 2891 956 2954 Per
986 2892 1129 2953 eumdem
1157 2892 1226 2972 Ap-

173 2979 257 3061 pium
274 2979 446 3060 eodemque
462 2981 555 3042 modo
570 2979 746 3062 compositae
769 2981 800 3040 in
817 2978 986 3040 Perrhaebia
1001 2999 1057 3040 res.
1100 2975 1227 3038 AEtolo-

176 3085 243 3126 rum
265 3085 388 3126 caumas
404 3063 569 3127 Marcellus
589 3065 719 3147 Delphis
741 3064 899 3148 peridem
922 3077 1043 3146 tempus
1065 3063 1228 3125 hostilibus

178 3161 264 3212 aetas
294 3151 414 3227 animis,
446 3154 471 3189 ¹⁴
483 3171 558 3231 quas
588 3151 733 3212 intestino
763 3163 921 3230 gesserant
950 3151 1043 3227 bello,
1072 3149 1229 3230 cognorit.

179 3234 283 3304 Quum
305 3247 453 3300 certatum
476 3236 628 3317 utrimque
648 3235 820 3310 temeritate
847 3247 938 3315 utque
965 3236 1095 3295 audacia
1121 3255 1229 3294 cerne-

180 3333 239 3399 ret,
263 3321 386 3384 decreto
410 3323 533 3405 quidem
563 3343 618 3387 suo
645 3333 783 3384 neutram
809 3333 928 3403 partem
954 3331 1008 3380 aut
1033 3320 1142 3398 levare,
1174 3333 1231 3381 aut

277 3468 348 3517 ‘add
359 3477 425 3517 arent
438 3468 511 3518 Gron.
523 3471 591 3519 Crer.
690 3467 701 3501 ¹¹
713 3467 833 3518 asteriscus
843 3467 905 3516 abest
916 3485 931 3515 a
941 3467 1015 3518 Gron.
1026 3479 1051 3518 et
1061 3467 1132 3520 Cres.

211 3594 234 3628 ¹⁰
250 3593 266 3623 ¹
281 3593 424 3658 Enerreqm
450 3599 565 3662 pretam]
596 3599 687 3647 Harum
720 3599 820 3662 aliquem
844 3598 977 3662 supplenda
1000 3599 1132 3654 sententiae,
1158 3612 1230 3660 quum

177 3669 326 3710 extemamm
361 3662 457 3710 radium
491 3666 687 3712 enumerationem
718 3663 766 3728 jem
779 3675 887 3728 comrpte
903 3663 1018 3722 legeretur
1033 3679 1099 3723 quer:
1115 3663 1232 3725 scripsisse

177 3723 249 3772 babes
266 3725 327 3772 inira
347 3725 372 3773 in
399 3728 500 3776 oratione
523 3729 642 3786 Eumenis,
663 3744 688 3776 n.
709 3743 799 3777 nutem
829 3730 918 3777 Livium
948 3728 1011 3789 quasi
1037 3729 1138 3773 inarum
1167 3726 1232 3772 balb.

180 3789 219 3838 ¹3·
491 3799 504 3815 ‘
721 3794 778 3842 Non
796 3797 860 3842 enim
877 3794 962 3842 bellum
981 3792 1034 3847 luit,
1049 3790 1089 3837 sed
1104 3789 1232 3838 lationem

213 3854 235 3886 ¹¹
254 3853 290 3902 Eo
302 3856 440 3934 wrdcgr'one]
455 3857 515 3920 Lege
533 3875 585 3908 enm
597 3859 689 3907 Grono-
722 3861 803 3908 rabies.
814 3860 977 3907 Generosius.
1001 3858 1015 3886 ¹¹
1027 3856 1179 3916 lnelegmret
1189 3855 1244 3911 ob-¹

181 3918 236 3966 ⁷10²
252 3927 274 3966 tl
284 3927 416 3983 Μίθρου.
722 3941 817 3972 scuram
825 3924 1013 3976 additamentum,
1022 3921 1082 3983 quod
1090 3921 1234 3983 auspicem

217 3983 239 4016 ¹¹
256 3981 330 4035 Qucum
363 3985 469 4035 utente
503 3989 527 4034 r'n
555 3991 622 4035 annis
651 4003 693 4035 esse
722 4003 825 4038 amissum
842 3987 987 4050 abimperiro
1001 3986 1100 4042 librario,
1115 3986 1144 4033 ed
1160 3987 1235 4034 inter·

180 4048 314 4096 amantea
333 4049 376 4112 eat]
396 4051 460 4098 ldem
478 4065 541 4101 recte
560 4065 638 4100 menet
654 4068 692 4100 re·
723 4057 858 4118 pretendens
868 4052 997 4100 membrum
1008 4052 1140 4114 praecedens
1150 4051 1234 4098 hostili·

178 4113 235 4174 9⁰⁰¹
256 4112 357 4161 debet&
381 4113 692 4168 Quum....nuneiutum
723 4118 925 4167 brumanton.
956 4115 1235 4165 Senrmertzcauaareo

180 4185 240 4226 Μ·
725 4181 1236 4243 ardorendinruraaetaaquoeinoneirerssd

215 4243 235 4276 ¹³
252 4239 284 4290 In
294 4259 403 4292 amuruor
411 4245 530 4308 mucro]
548 4246 646 4295 Videtur
655 4245 693 4294 in·
725 4249 803 4296 bester
817 4247 878 4294 inter
892 4261 918 4294 re
931 4247 1082 4295 decertarent.
1114 4247 1182 4295 Nibil
1195 4245 1236 4292 nl-

181 4306 422 4358 tercidisseuumerus
435 4325 554 4360 morum.
621 4335 625 4342 ·
725 4325 760 4362 tra
772 4311 839 4375 adjici
849 4327 905 4374 opus
916 4322 966 4359 ert:
984 4322 1008 4359 et
1019 4313 1108 4360 sublato
1122 4311 1236 4372 illoqued

217 4371 238 4405 ¹¹
255 4371 317 4426 Qnur
345 4375 447 4425 intutior
480 4385 589 4440 generunt
626 4373 692 4436 bellu]
726 4379 791 4426 nobis
800 4391 880 4440 perum
892 4377 967 4439 placet
975 4378 1137 4434 additamento,
1145 4376 1238 4436 integra

184 4435 298 4503 Surpicari
316 4437 376 4488 lieet
397 4441 428 4489 rb
450 4450 560 4506 purant
585 4440 695 4491 addidisse
728 4442 952 4493 etehraestoratio.
