<?xml version="1.0" encoding="UTF-8"?>
<!DOCTYPE html PUBLIC "-//W3C//DTD XHTML 1.0 Transitional//EN"
    "http://www.w3.org/TR/xhtml1/DTD/xhtml1-transitional.dtd">
<html xmlns="http://www.w3.org/1999/xhtml" xml:lang="en" lang="en">
 <head>
  <title>
</title>
<meta http-equiv="Content-Type" content="text/html;charset=utf-8" />
  <meta name='ocr-system' content='tesseract 3.04.00' />
  <meta name='ocr-capabilities' content='ocr_page ocr_carea ocr_par ocr_line ocrx_word'/>
</head>
<body>
  <div class='ocr_page' id='page_1' title='image "./tliviipatavinih02grongoog_0091.png"; bbox 0 0 3184 5225; ppageno 0'>
   <div class='ocr_carea' id='block_1_1' title="bbox 467 326 1217 395">
    <p class='ocr_par' dir='ltr' id='par_1_1' title="bbox 467 326 1217 395">
     <span class='ocr_line' id='line_1_1' title="bbox 467 326 1217 395; baseline 0.003 -7"><span class='ocrx_word' id='word_1_1' title='bbox 467 328 544 389; x_wconf 87' lang='lat' dir='ltr'>LlB.</span> <span class='ocrx_word' id='word_1_2' title='bbox 559 326 655 395; x_wconf 70' lang='lat' dir='ltr'>Xlrll.</span> <span class='ocrx_word' id='word_1_3' title='bbox 677 326 759 389; x_wconf 80' lang='lat' dir='ltr'>CAP.</span> <span class='ocrx_word' id='word_1_4' title='bbox 773 327 867 387; x_wconf 89' lang='lat' dir='ltr'>LVll.</span> <span class='ocrx_word' id='word_1_5' title='bbox 1145 336 1184 390; x_wconf 79' lang='lat'>88</span> <span class='ocrx_word' id='word_1_6' title='bbox 1213 334 1217 341; x_wconf 88' lang='lat'><em>&#39;</em></span> 
     </span>
    </p>
   </div>
   <div class='ocr_carea' id='block_1_2' title="bbox 114 482 1334 4021">
    <p class='ocr_par' dir='ltr' id='par_1_2' title="bbox 134 482 1334 2299">
     <span class='ocr_line' id='line_1_2' title="bbox 135 482 1334 571; baseline -0.013 -15"><span class='ocrx_word' id='word_1_7' title='bbox 135 508 202 555; x_wconf 87' lang='lat' dir='ltr'>rum</span> <span class='ocrx_word' id='word_1_8' title='bbox 214 486 388 571; x_wconf 85' lang='lat' dir='ltr'>juventute,</span> <span class='ocrx_word' id='word_1_9' title='bbox 404 496 470 567; x_wconf 77' lang='lat' dir='ltr'>que</span> <span class='ocrx_word' id='word_1_10' title='bbox 491 506 562 569; x_wconf 85' lang='lat' dir='ltr'>pars</span> <span class='ocrx_word' id='word_1_11' title='bbox 584 498 653 551; x_wconf 86' lang='lat' dir='ltr'>cum</span> <span class='ocrx_word' id='word_1_12' title='bbox 669 483 817 549; x_wconf 79' lang='lat' dir='ltr'>Romanis</span> <span class='ocrx_word' id='word_1_13' title='bbox 832 483 942 557; x_wconf 86' lang='lat' dir='ltr'>stabat,</span> <span class='ocrx_word' id='word_1_14' title='bbox 957 500 1025 546; x_wconf 88' lang='lat' dir='ltr'>eam</span> <span class='ocrx_word' id='word_1_15' title='bbox 1046 491 1111 545; x_wconf 81' lang='lat' dir='ltr'>re&#39;m</span> <span class='ocrx_word' id='word_1_16' title='bbox 1126 482 1182 545; x_wconf 86' lang='lat' dir='ltr'>ad·</span> <span class='ocrx_word' id='word_1_17' title='bbox 1195 483 1267 557; x_wconf 61' lang='lat' dir='ltr'>uc.</span> <span class='ocrx_word' id='word_1_18' title='bbox 1278 489 1334 540; x_wconf 78' lang='lat' dir='ltr'>ser.</span> 
     </span>
     <span class='ocr_line' id='line_1_3' title="bbox 134 549 1334 658; baseline -0.007 -20"><span class='ocrx_word' id='word_1_19' title='bbox 134 596 256 658; x_wconf 75' lang='lat' dir='ltr'>gressus</span> <span class='ocrx_word' id='word_1_20' title='bbox 271 574 403 655; x_wconf 85' lang='lat' dir='ltr'>legatus,</span> <span class='ocrx_word' id='word_1_21' title='bbox 426 593 445 638; x_wconf 87' lang='lat' dir='ltr'>a</span> <span class='ocrx_word' id='word_1_22' title='bbox 465 573 616 637; x_wconf 80' lang='lat' dir='ltr'>moenibus</span> <span class='ocrx_word' id='word_1_23' title='bbox 631 571 787 637; x_wconf 85' lang='lat' dir='ltr'>abscessit.</span> <span class='ocrx_word' id='word_1_24' title='bbox 830 567 921 633; x_wconf 60' lang='lat' dir='ltr'>«Hac</span> <span class='ocrx_word' id='word_1_25' title='bbox 942 569 1042 631; x_wconf 85' lang='lat' dir='ltr'>soluta</span> <span class='ocrx_word' id='word_1_26' title='bbox 1063 568 1182 635; x_wconf 88' lang='lat' dir='ltr'>obsidio</span> <span class='ocrx_word' id='word_1_27' title='bbox 1196 549 1267 601; x_wconf 56' lang='grc' dir='ltr'>Μ’</span> <span class='ocrx_word' id='word_1_28' title='bbox 1280 556 1334 605; x_wconf 89' lang='lat'><strong>¹⁷¹·</strong></span> 
     </span>
     <span class='ocr_line' id='line_1_4' title="bbox 136 653 1183 737; baseline -0.003 -14"><span class='ocrx_word' id='word_1_29' title='bbox 136 664 241 725; x_wconf 87' lang='lat' dir='ltr'>locum</span> <span class='ocrx_word' id='word_1_30' title='bbox 267 661 354 723; x_wconf 86' lang='lat' dir='ltr'>alteri</span> <span class='ocrx_word' id='word_1_31' title='bbox 383 680 469 723; x_wconf 80' lang='lat' dir='ltr'>nova</span> <span class='ocrx_word' id='word_1_32' title='bbox 499 660 649 723; x_wconf 88' lang='lat' dir='ltr'>obsidioni</span> <span class='ocrx_word' id='word_1_33' title='bbox 676 659 772 723; x_wconf 84' lang='lat' dir='ltr'><strong>dedit.</strong></span> <span class='ocrx_word' id='word_1_34' title='bbox 801 676 933 737; x_wconf 90' lang='lat' dir='ltr'>namque</span> <span class='ocrx_word' id='word_1_35' title='bbox 958 655 1113 737; x_wconf 85' lang='lat' dir='ltr'>extemplo</span> <span class='ocrx_word' id='word_1_36' title='bbox 1134 653 1183 721; x_wconf 89' lang='lat' dir='ltr'>M.</span> 
     </span>
     <span class='ocr_line' id='line_1_5' title="bbox 138 743 1183 823; baseline -0.004 -14"><span class='ocrx_word' id='word_1_37' title='bbox 138 746 297 811; x_wconf 84' lang='lat' dir='ltr'>Lucretius</span> <span class='ocrx_word' id='word_1_38' title='bbox 312 767 390 809; x_wconf 84' lang='lat' dir='ltr'>cum</span> <span class='ocrx_word' id='word_1_39' title='bbox 413 747 551 809; x_wconf 86' lang='lat' dir='ltr'>exercitu</span> <span class='ocrx_word' id='word_1_40' title='bbox 573 746 684 823; x_wconf 85' lang='lat' dir='ltr'>navali,</span> <span class='ocrx_word' id='word_1_41' title='bbox 707 745 813 808; x_wconf 89' lang='lat' dir='ltr'>decem</span> <span class='ocrx_word' id='word_1_42' title='bbox 834 743 968 805; x_wconf 89' lang='lat' dir='ltr'>millibus</span> <span class='ocrx_word' id='word_1_43' title='bbox 987 752 1183 821; x_wconf 81' lang='lat' dir='ltr'>armatorum,</span> 
     </span>
     <span class='ocr_line' id='line_1_6' title="bbox 140 827 1184 913; baseline -0.007 -16"><span class='ocrx_word' id='word_1_44' title='bbox 140 836 181 897; x_wconf 86' lang='lat' dir='ltr'>ad</span> <span class='ocrx_word' id='word_1_45' title='bbox 203 836 260 897; x_wconf 90' lang='lat' dir='ltr'>hoc</span> <span class='ocrx_word' id='word_1_46' title='bbox 282 834 400 897; x_wconf 87' lang='lat' dir='ltr'>duobus</span> <span class='ocrx_word' id='word_1_47' title='bbox 422 832 554 895; x_wconf 90' lang='lat' dir='ltr'>millibus</span> <span class='ocrx_word' id='word_1_48' title='bbox 577 832 739 913; x_wconf 83' lang='lat' dir='ltr'>regiorum,</span> <span class='ocrx_word' id='word_1_49' title='bbox 762 829 813 910; x_wconf 92' lang='lat' dir='ltr'>qui</span> <span class='ocrx_word' id='word_1_50' title='bbox 836 830 893 891; x_wconf 89' lang='lat' dir='ltr'>sub</span> <span class='ocrx_word' id='word_1_51' title='bbox 915 827 1063 891; x_wconf 71' lang='lat' dir='ltr'>Athenaeo</span> <span class='ocrx_word' id='word_1_52' title='bbox 1085 841 1184 906; x_wconf 88' lang='lat' dir='ltr'>erant,</span> 
     </span>
     <span class='ocr_line' id='line_1_7' title="bbox 140 914 1185 1001; baseline -0.004 -18"><span class='ocrx_word' id='word_1_53' title='bbox 140 918 312 983; x_wconf 71' lang='lat' dir='ltr'>Haliartum</span> <span class='ocrx_word' id='word_1_54' title='bbox 334 916 550 981; x_wconf 87' lang='lat' dir='ltr'>circumsedit=</span> <span class='ocrx_word' id='word_1_55' title='bbox 581 918 819 1001; x_wconf 73' lang='lat' dir='ltr'><strong>parantibusque</strong></span> <span class='ocrx_word' id='word_1_56' title='bbox 837 914 904 995; x_wconf 87' lang='lat' dir='ltr'>jarn</span> <span class='ocrx_word' id='word_1_57' title='bbox 926 914 1113 997; x_wconf 71' lang='lat' dir='ltr'>obpugnare,</span> <span class='ocrx_word' id='word_1_58' title='bbox 1133 933 1185 979; x_wconf 86' lang='lat' dir='ltr'>su·</span> 
     </span>
     <span class='ocr_line' id='line_1_8' title="bbox 140 1000 1184 1089; baseline -0.006 -20"><span class='ocrx_word' id='word_1_59' title='bbox 140 1007 273 1089; x_wconf 81' lang='lat' dir='ltr'>pervenit</span> <span class='ocrx_word' id='word_1_60' title='bbox 289 1026 309 1067; x_wconf 89' lang='lat' dir='ltr'>a</span> <span class='ocrx_word' id='word_1_61' title='bbox 323 1004 440 1067; x_wconf 87' lang='lat' dir='ltr'>Creiisa</span> <span class='ocrx_word' id='word_1_62' title='bbox 453 1016 573 1087; x_wconf 80' lang='lat' dir='ltr'>prator.</span> <span class='ocrx_word' id='word_1_63' title='bbox 624 1003 677 1065; x_wconf 89' lang='lat' dir='ltr'>Ad</span> <span class='ocrx_word' id='word_1_64' title='bbox 691 1002 773 1063; x_wconf 86' lang='lat' dir='ltr'>idem</span> <span class='ocrx_word' id='word_1_65' title='bbox 789 1000 853 1063; x_wconf 85' lang='lat' dir='ltr'>iere</span> <span class='ocrx_word' id='word_1_66' title='bbox 872 1012 993 1083; x_wconf 84' lang='lat' dir='ltr'>tempus</span> <span class='ocrx_word' id='word_1_67' title='bbox 1016 1011 1049 1063; x_wconf 90' lang='lat' dir='ltr'>et</span> <span class='ocrx_word' id='word_1_68' title='bbox 1072 1002 1111 1061; x_wconf 92' lang='lat' dir='ltr'>ab</span> <span class='ocrx_word' id='word_1_69' title='bbox 1133 1020 1184 1063; x_wconf 88' lang='lat' dir='ltr'>so·</span> 
     </span>
     <span class='ocr_line' id='line_1_9' title="bbox 139 1084 1184 1169; baseline -0.01 -12"><span class='ocrx_word' id='word_1_70' title='bbox 139 1094 191 1157; x_wconf 89' lang='lat' dir='ltr'>ciis</span> <span class='ocrx_word' id='word_1_71' title='bbox 217 1112 310 1155; x_wconf 84' lang='lat' dir='ltr'>naves</span> <span class='ocrx_word' id='word_1_72' title='bbox 333 1090 513 1153; x_wconf 81' lang='lat' dir='ltr'>Chalcidem</span> <span class='ocrx_word' id='word_1_73' title='bbox 540 1099 765 1153; x_wconf 85' lang='lat' dir='ltr'>conveneruntr</span> <span class='ocrx_word' id='word_1_74' title='bbox 800 1086 866 1149; x_wconf 80' lang='lat' dir='ltr'>dua</span> <span class='ocrx_word' id='word_1_75' title='bbox 891 1084 1011 1147; x_wconf 80' lang='lat' dir='ltr'>Punicae</span> <span class='ocrx_word' id='word_1_76' title='bbox 1035 1086 1184 1169; x_wconf 89' lang='lat' dir='ltr'>quinque-</span> 
     </span>
     <span class='ocr_line' id='line_1_10' title="bbox 140 1171 1185 1257; baseline -0.007 -15"><span class='ocrx_word' id='word_1_77' title='bbox 140 1200 246 1257; x_wconf 81' lang='lat' dir='ltr'>remes,</span> <span class='ocrx_word' id='word_1_78' title='bbox 270 1178 339 1241; x_wconf 81' lang='lat' dir='ltr'>duoe</span> <span class='ocrx_word' id='word_1_79' title='bbox 360 1178 400 1241; x_wconf 87' lang='lat' dir='ltr'>ab</span> <span class='ocrx_word' id='word_1_80' title='bbox 420 1174 572 1239; x_wconf 90' lang='lat' dir='ltr'>Heraclea</span> <span class='ocrx_word' id='word_1_81' title='bbox 594 1197 634 1239; x_wconf 83' lang='lat' dir='ltr'>ex</span> <span class='ocrx_word' id='word_1_82' title='bbox 654 1174 752 1237; x_wconf 91' lang='lat' dir='ltr'>Ponto</span> <span class='ocrx_word' id='word_1_83' title='bbox 775 1173 924 1248; x_wconf 77' lang='lat' dir='ltr'>triremes,</span> <span class='ocrx_word' id='word_1_84' title='bbox 946 1182 1074 1253; x_wconf 86' lang='lat' dir='ltr'>quatuor</span> <span class='ocrx_word' id='word_1_85' title='bbox 1090 1171 1185 1235; x_wconf 89' lang='lat' dir='ltr'>Chal-</span> 
     </span>
     <span class='ocr_line' id='line_1_11' title="bbox 140 1256 1185 1343; baseline -0.008 -14"><span class='ocrx_word' id='word_1_86' title='bbox 140 1266 266 1343; x_wconf 84' lang='lat' dir='ltr'>cedone,</span> <span class='ocrx_word' id='word_1_87' title='bbox 289 1262 422 1327; x_wconf 89' lang='lat' dir='ltr'>totidem</span> <span class='ocrx_word' id='word_1_88' title='bbox 447 1261 550 1342; x_wconf 88' lang='lat' dir='ltr'>Samo,</span> <span class='ocrx_word' id='word_1_89' title='bbox 572 1274 639 1325; x_wconf 88' lang='lat' dir='ltr'>tum</span> <span class='ocrx_word' id='word_1_90' title='bbox 661 1260 793 1342; x_wconf 86' lang='lat' dir='ltr'>quinque</span> <span class='ocrx_word' id='word_1_91' title='bbox 816 1256 944 1321; x_wconf 73' lang='lat' dir='ltr'>Rhodiae</span> <span class='ocrx_word' id='word_1_92' title='bbox 968 1257 1185 1338; x_wconf 86' lang='lat' dir='ltr'>quadriremes.</span> 
     </span>
     <span class='ocr_line' id='line_1_12' title="bbox 139 1337 1186 1432; baseline -0.009 -18"><span class='ocrx_word' id='word_1_93' title='bbox 139 1350 262 1429; x_wconf 70' lang='lat' dir='ltr'>Praetor,</span> <span class='ocrx_word' id='word_1_94' title='bbox 285 1352 358 1431; x_wconf 89' lang='lat' dir='ltr'>quia</span> <span class='ocrx_word' id='word_1_95' title='bbox 380 1370 529 1432; x_wconf 82' lang='lat' dir='ltr'>nusquam</span> <span class='ocrx_word' id='word_1_96' title='bbox 551 1360 617 1412; x_wconf 86' lang='lat' dir='ltr'>erat</span> <span class='ocrx_word' id='word_1_97' title='bbox 641 1346 828 1415; x_wconf 87' lang='lat' dir='ltr'>maritimum</span> <span class='ocrx_word' id='word_1_98' title='bbox 849 1344 973 1422; x_wconf 87' lang='lat' dir='ltr'>bellurn,</span> <span class='ocrx_word' id='word_1_99' title='bbox 996 1337 1112 1407; x_wconf 76' lang='lat' dir='ltr'>remisit</span> <span class='ocrx_word' id='word_1_100' title='bbox 1134 1366 1186 1405; x_wconf 88' lang='lat' dir='ltr'>so·</span> 
     </span>
     <span class='ocr_line' id='line_1_13' title="bbox 140 1429 1186 1511; baseline -0.01 -10"><span class='ocrx_word' id='word_1_101' title='bbox 140 1439 208 1501; x_wconf 88' lang='lat' dir='ltr'>ciis.</span> <span class='ocrx_word' id='word_1_102' title='bbox 231 1450 264 1500; x_wconf 90' lang='lat' dir='ltr'>et</span> <span class='ocrx_word' id='word_1_103' title='bbox 285 1437 325 1508; x_wconf 88' lang='lat' dir='ltr'>Q.</span> <span class='ocrx_word' id='word_1_104' title='bbox 341 1434 477 1499; x_wconf 81' lang='lat' dir='ltr'>Marcius</span> <span class='ocrx_word' id='word_1_105' title='bbox 496 1435 674 1498; x_wconf 76' lang='lat' dir='ltr'>Chalcidem</span> <span class='ocrx_word' id='word_1_106' title='bbox 695 1432 821 1497; x_wconf 87' lang='lat' dir='ltr'>navibus</span> <span class='ocrx_word' id='word_1_107' title='bbox 847 1431 940 1508; x_wconf 88' lang='lat' dir='ltr'>venit,</span> <span class='ocrx_word' id='word_1_108' title='bbox 962 1429 1062 1511; x_wconf 87' lang='lat' dir='ltr'>Alope</span> <span class='ocrx_word' id='word_1_109' title='bbox 1085 1440 1186 1511; x_wconf 88' lang='lat' dir='ltr'>capta,</span> 
     </span>
     <span class='ocr_line' id='line_1_14' title="bbox 140 1515 1186 1605; baseline -0.009 -18"><span class='ocrx_word' id='word_1_110' title='bbox 140 1522 353 1605; x_wconf 71' lang='lat' dir='ltr'>Larissaque</span> <span class='ocrx_word' id='word_1_111' title='bbox 368 1523 525 1587; x_wconf 80' lang='lat' dir='ltr'>Cremaste</span> <span class='ocrx_word' id='word_1_112' title='bbox 549 1522 669 1599; x_wconf 91' lang='lat' dir='ltr'>dicitur,</span> <span class='ocrx_word' id='word_1_113' title='bbox 685 1522 870 1603; x_wconf 80' lang='lat' dir='ltr'>obpugnata.</span> <span class='ocrx_word' id='word_1_114' title='bbox 928 1515 1032 1586; x_wconf 84' lang='lat' dir='ltr'>Quum</span> <span class='ocrx_word' id='word_1_115' title='bbox 1049 1515 1099 1579; x_wconf 88' lang='lat' dir='ltr'>hic</span> <span class='ocrx_word' id='word_1_116' title='bbox 1121 1526 1186 1580; x_wconf 86' lang='lat' dir='ltr'>sta-</span> 
     </span>
     <span class='ocr_line' id='line_1_15' title="bbox 140 1600 1185 1691; baseline -0.01 -18"><span class='ocrx_word' id='word_1_117' title='bbox 140 1622 191 1673; x_wconf 86' lang='lat' dir='ltr'>tus</span> <span class='ocrx_word' id='word_1_118' title='bbox 213 1612 243 1673; x_wconf 89' lang='lat' dir='ltr'>iu</span> <span class='ocrx_word' id='word_1_119' title='bbox 259 1608 382 1673; x_wconf 77' lang='lat' dir='ltr'>Boeotia</span> <span class='ocrx_word' id='word_1_120' title='bbox 404 1620 495 1687; x_wconf 82' lang='lat' dir='ltr'>esset,</span> <span class='ocrx_word' id='word_1_121' title='bbox 507 1608 643 1686; x_wconf 87' lang='lat' dir='ltr'>Perseus,</span> <span class='ocrx_word' id='word_1_122' title='bbox 658 1626 751 1691; x_wconf 91' lang='lat' dir='ltr'>quum</span> <span class='ocrx_word' id='word_1_123' title='bbox 766 1604 807 1667; x_wconf 89' lang='lat' dir='ltr'>ad</span> <span class='ocrx_word' id='word_1_124' title='bbox 827 1602 987 1687; x_wconf 84' lang='lat' dir='ltr'>Sycurium</span> <span class='ocrx_word' id='word_1_125' title='bbox 1005 1600 1097 1681; x_wconf 86' lang='lat' dir='ltr'>(sicut</span> <span class='ocrx_word' id='word_1_126' title='bbox 1111 1612 1185 1665; x_wconf 82' lang='lat' dir='ltr'>ante</span> 
     </span>
     <span class='ocr_line' id='line_1_16' title="bbox 141 1687 1185 1777; baseline -0.011 -18"><span class='ocrx_word' id='word_1_127' title='bbox 141 1697 257 1761; x_wconf 88' lang='lat' dir='ltr'>dictum</span> <span class='ocrx_word' id='word_1_128' title='bbox 280 1696 340 1777; x_wconf 84' lang='lat' dir='ltr'>est)</span> <span class='ocrx_word' id='word_1_129' title='bbox 359 1696 470 1777; x_wconf 82' lang='lat' dir='ltr'>stativa</span> <span class='ocrx_word' id='word_1_130' title='bbox 484 1695 620 1773; x_wconf 87' lang='lat' dir='ltr'>haberet,</span> <span class='ocrx_word' id='word_1_131' title='bbox 636 1694 790 1755; x_wconf 83' lang='lat' dir='ltr'>frumento</span> <span class='ocrx_word' id='word_1_132' title='bbox 807 1690 940 1771; x_wconf 90' lang='lat' dir='ltr'>undique</span> <span class='ocrx_word' id='word_1_133' title='bbox 955 1689 1037 1750; x_wconf 85' lang='lat' dir='ltr'>circa</span> <span class='ocrx_word' id='word_1_134' title='bbox 1050 1708 1090 1749; x_wconf 88' lang='lat' dir='ltr'>ex</span> <span class='ocrx_word' id='word_1_135' title='bbox 1105 1687 1185 1769; x_wconf 82' lang='lat' dir='ltr'>agris</span> 
     </span>
     <span class='ocr_line' id='line_1_17' title="bbox 140 1773 1185 1872; baseline -0.011 -26"><span class='ocrx_word' id='word_1_136' title='bbox 140 1797 299 1872; x_wconf 72' lang='lat' dir='ltr'>moveam,</span> <span class='ocrx_word' id='word_1_137' title='bbox 315 1781 355 1846; x_wconf 88' lang='lat' dir='ltr'>ad</span> <span class='ocrx_word' id='word_1_138' title='bbox 372 1783 551 1846; x_wconf 87' lang='lat' dir='ltr'>vastandum</span> <span class='ocrx_word' id='word_1_139' title='bbox 575 1800 682 1862; x_wconf 85' lang='lat' dir='ltr'>agrum</span> <span class='ocrx_word' id='word_1_140' title='bbox 698 1778 887 1841; x_wconf 70' lang='lat' dir='ltr'>Pheraeorum</span> <span class='ocrx_word' id='word_1_141' title='bbox 910 1775 1009 1838; x_wconf 78' lang='lat' dir='ltr'>misit:</span> <span class='ocrx_word' id='word_1_142' title='bbox 1040 1786 1124 1837; x_wconf 87' lang='lat' dir='ltr'>ratus</span> <span class='ocrx_word' id='word_1_143' title='bbox 1146 1773 1185 1835; x_wconf 87' lang='lat' dir='ltr'>ad</span> 
     </span>
     <span class='ocr_line' id='line_1_18' title="bbox 137 1859 1185 1952; baseline -0.011 -21"><span class='ocrx_word' id='word_1_144' title='bbox 137 1869 287 1952; x_wconf 85' lang='lat' dir='ltr'>juvandas</span> <span class='ocrx_word' id='word_1_145' title='bbox 311 1869 461 1931; x_wconf 81' lang='lat' dir='ltr'>sociorum</span> <span class='ocrx_word' id='word_1_146' title='bbox 484 1870 573 1931; x_wconf 85' lang='lat' dir='ltr'>urbes</span> <span class='ocrx_word' id='word_1_147' title='bbox 596 1867 716 1948; x_wconf 81' lang='lat' dir='ltr'>longius</span> <span class='ocrx_word' id='word_1_148' title='bbox 742 1865 779 1926; x_wconf 85' lang='lat' dir='ltr'>ab</span> <span class='ocrx_word' id='word_1_149' title='bbox 806 1862 913 1926; x_wconf 88' lang='lat' dir='ltr'>castris</span> <span class='ocrx_word' id='word_1_150' title='bbox 937 1862 1107 1923; x_wconf 86' lang='lat' dir='ltr'>abstractos</span> <span class='ocrx_word' id='word_1_151' title='bbox 1130 1859 1185 1921; x_wconf 92' lang='lat' dir='ltr'>de·</span> 
     </span>
     <span class='ocr_line' id='line_1_19' title="bbox 140 1946 1184 2039; baseline -0.015 -18"><span class='ocrx_word' id='word_1_152' title='bbox 140 1957 287 2039; x_wconf 85' lang='lat' dir='ltr'>prehendi</span> <span class='ocrx_word' id='word_1_153' title='bbox 303 1954 460 2019; x_wconf 82' lang='lat' dir='ltr'>Romanos</span> <span class='ocrx_word' id='word_1_154' title='bbox 474 1976 574 2038; x_wconf 88' lang='lat' dir='ltr'>posse.</span> <span class='ocrx_word' id='word_1_155' title='bbox 620 1953 703 2024; x_wconf 89' lang='lat' dir='ltr'>Quos</span> <span class='ocrx_word' id='word_1_156' title='bbox 720 1969 812 2033; x_wconf 91' lang='lat' dir='ltr'>quum</span> <span class='ocrx_word' id='word_1_157' title='bbox 828 1971 865 2011; x_wconf 91' lang='lat' dir='ltr'>eo</span> <span class='ocrx_word' id='word_1_158' title='bbox 880 1949 1011 2013; x_wconf 87' lang='lat' dir='ltr'>tumultu</span> <span class='ocrx_word' id='word_1_159' title='bbox 1025 1946 1102 2009; x_wconf 90' lang='lat' dir='ltr'>nihil</span> <span class='ocrx_word' id='word_1_160' title='bbox 1117 1966 1184 2011; x_wconf 90' lang='lat' dir='ltr'>mo-</span> 
     </span>
     <span class='ocr_line' id='line_1_20' title="bbox 141 2030 1186 2123; baseline -0.014 -18"><span class='ocrx_word' id='word_1_161' title='bbox 141 2055 187 2105; x_wconf 90' lang='lat' dir='ltr'>tos</span> <span class='ocrx_word' id='word_1_162' title='bbox 214 2042 491 2119; x_wconf 87' lang='lat' dir='ltr'>animadvertisset,</span> <span class='ocrx_word' id='word_1_163' title='bbox 512 2044 537 2081; x_wconf 77' lang='lat'>⁸⁹</span> <span class='ocrx_word' id='word_1_164' title='bbox 549 2040 681 2123; x_wconf 86' lang='lat' dir='ltr'>praedam</span> <span class='ocrx_word' id='word_1_165' title='bbox 704 2037 839 2119; x_wconf 89' lang='lat' dir='ltr'>quidem,</span> <span class='ocrx_word' id='word_1_166' title='bbox 860 2046 1061 2116; x_wconf 75' lang='lat' dir='ltr'>praeterquam</span> <span class='ocrx_word' id='word_1_167' title='bbox 1085 2030 1186 2093; x_wconf 82' lang='lat' dir='ltr'>horni-</span> 
     </span>
     <span class='ocr_line' id='line_1_21' title="bbox 142 2114 1188 2212; baseline -0.011 -20"><span class='ocrx_word' id='word_1_168' title='bbox 142 2150 224 2209; x_wconf 90' lang='lat' dir='ltr'>num,</span> <span class='ocrx_word' id='word_1_169' title='bbox 244 2130 370 2212; x_wconf 89' lang='lat' dir='ltr'>(pecora</span> <span class='ocrx_word' id='word_1_170' title='bbox 393 2139 495 2191; x_wconf 89' lang='lat' dir='ltr'>autern</span> <span class='ocrx_word' id='word_1_171' title='bbox 511 2127 644 2189; x_wconf 80' lang='lat' dir='ltr'>maxime</span> <span class='ocrx_word' id='word_1_172' title='bbox 661 2123 761 2187; x_wconf 88' lang='lat' dir='ltr'>omnia</span> <span class='ocrx_word' id='word_1_173' title='bbox 783 2121 903 2205; x_wconf 86' lang='lat' dir='ltr'>generis</span> <span class='ocrx_word' id='word_1_174' title='bbox 917 2120 1013 2198; x_wconf 78' lang='lat' dir='ltr'>hiere)</span> <span class='ocrx_word' id='word_1_175' title='bbox 1031 2117 1134 2181; x_wconf 83' lang='lat' dir='ltr'>divisit</span> <span class='ocrx_word' id='word_1_176' title='bbox 1149 2114 1188 2180; x_wconf 79' lang='lat' dir='ltr'>etl</span> 
     </span>
     <span class='ocr_line' id='line_1_22' title="bbox 141 2215 802 2299; baseline -0.009 -22"><span class='ocrx_word' id='word_1_177' title='bbox 141 2217 325 2299; x_wconf 89' lang='lat' dir='ltr'>epulandum</span> <span class='ocrx_word' id='word_1_178' title='bbox 341 2215 497 2277; x_wconf 82' lang='lat' dir='ltr'>militibus.</span> <span class='ocrx_word' id='word_1_179' title='bbox 797 2230 802 2237; x_wconf 95' lang='lat'><em>·</em></span> 
     </span>
    </p>

    <p class='ocr_par' dir='ltr' id='par_1_3' title="bbox 143 2289 1333 2639">
     <span class='ocr_line' id='line_1_23' title="bbox 186 2289 1333 2379; baseline -0.01 -14"><span class='ocrx_word' id='word_1_180' title='bbox 186 2302 284 2366; x_wconf 84' lang='lat' dir='ltr'><strong>LVII.</strong></span> <span class='ocrx_word' id='word_1_181' title='bbox 308 2300 371 2364; x_wconf 88' lang='lat' dir='ltr'>Sub</span> <span class='ocrx_word' id='word_1_182' title='bbox 395 2302 477 2363; x_wconf 91' lang='lat' dir='ltr'>idem</span> <span class='ocrx_word' id='word_1_183' title='bbox 503 2300 613 2362; x_wconf 90' lang='lat' dir='ltr'>deinde</span> <span class='ocrx_word' id='word_1_184' title='bbox 636 2310 757 2379; x_wconf 87' lang='lat' dir='ltr'>tempus</span> <span class='ocrx_word' id='word_1_185' title='bbox 784 2293 944 2357; x_wconf 89' lang='lat' dir='ltr'>consilium</span> <span class='ocrx_word' id='word_1_186' title='bbox 970 2303 1003 2353; x_wconf 87' lang='lat' dir='ltr'>et</span> <span class='ocrx_word' id='word_1_187' title='bbox 1027 2289 1133 2353; x_wconf 88' lang='lat' dir='ltr'>consul</span> <span class='ocrx_word' id='word_1_188' title='bbox 1159 2299 1333 2355; x_wconf 77' lang='lat' dir='ltr'>ett’srrerstn</span> 
     </span>
     <span class='ocr_line' id='line_1_24' title="bbox 143 2369 1317 2467; baseline -0.018 -15"><span class='ocrx_word' id='word_1_189' title='bbox 143 2411 196 2453; x_wconf 84' lang='lat' dir='ltr'>rex</span> <span class='ocrx_word' id='word_1_190' title='bbox 218 2390 400 2467; x_wconf 89' lang='lat' dir='ltr'>habuerunt,</span> <span class='ocrx_word' id='word_1_191' title='bbox 416 2388 498 2449; x_wconf 91' lang='lat' dir='ltr'>unde</span> <span class='ocrx_word' id='word_1_192' title='bbox 515 2384 628 2449; x_wconf 89' lang='lat' dir='ltr'>bellum</span> <span class='ocrx_word' id='word_1_193' title='bbox 651 2384 832 2445; x_wconf 89' lang='lat' dir='ltr'>ordirentur.</span> <span class='ocrx_word' id='word_1_194' title='bbox 876 2369 1009 2459; x_wconf 60' lang='lat' dir='ltr'>⁰⁰Regis</span> <span class='ocrx_word' id='word_1_195' title='bbox 1032 2388 1189 2439; x_wconf 83' lang='lat' dir='ltr'>creverunt</span> <span class='ocrx_word' id='word_1_196' title='bbox 1202 2369 1317 2453; x_wconf 67' lang='lat' dir='ltr'>R⁰¹3¹¹¹¹⁰s</span> 
     </span>
     <span class='ocr_line' id='line_1_25' title="bbox 144 2439 1271 2558; baseline -0.016 -19"><span class='ocrx_word' id='word_1_197' title='bbox 144 2478 240 2539; x_wconf 88' lang='lat' dir='ltr'>animi</span> <span class='ocrx_word' id='word_1_198' title='bbox 255 2476 422 2558; x_wconf 70' lang='lat' dir='ltr'>rastatione</span> <span class='ocrx_word' id='word_1_199' title='bbox 443 2493 590 2537; x_wconf 86' lang='lat' dir='ltr'>concessa</span> <span class='ocrx_word' id='word_1_200' title='bbox 610 2471 666 2533; x_wconf 86' lang='lat' dir='ltr'>sibi</span> <span class='ocrx_word' id='word_1_201' title='bbox 691 2470 730 2530; x_wconf 91' lang='lat' dir='ltr'>ab</span> <span class='ocrx_word' id='word_1_202' title='bbox 749 2470 836 2529; x_wconf 85' lang='lat' dir='ltr'>hoste</span> <span class='ocrx_word' id='word_1_203' title='bbox 852 2464 966 2527; x_wconf 79' lang='lat' dir='ltr'>Pheraei</span> <span class='ocrx_word' id='word_1_204' title='bbox 988 2462 1064 2544; x_wconf 79' lang='lat' dir='ltr'>agri.</span> <span class='ocrx_word' id='word_1_205' title='bbox 1087 2462 1189 2543; x_wconf 87' lang='lat' dir='ltr'>itaque</span> <span class='ocrx_word' id='word_1_206' title='bbox 1200 2439 1271 2493; x_wconf 54' lang='grc' dir='ltr'>Μ·</span> 
     </span>
     <span class='ocr_line' id='line_1_26' title="bbox 144 2551 1188 2639; baseline -0.012 -13"><span class='ocrx_word' id='word_1_207' title='bbox 144 2562 277 2627; x_wconf 90' lang='lat' dir='ltr'>eundum</span> <span class='ocrx_word' id='word_1_208' title='bbox 299 2562 370 2626; x_wconf 86' lang='lat' dir='ltr'>inde</span> <span class='ocrx_word' id='word_1_209' title='bbox 392 2562 431 2625; x_wconf 88' lang='lat' dir='ltr'>ad</span> <span class='ocrx_word' id='word_1_210' title='bbox 448 2572 557 2639; x_wconf 80' lang='lat' dir='ltr'>casua,</span> <span class='ocrx_word' id='word_1_211' title='bbox 573 2578 629 2622; x_wconf 89' lang='lat' dir='ltr'>nec</span> <span class='ocrx_word' id='word_1_212' title='bbox 645 2556 779 2620; x_wconf 88' lang='lat' dir='ltr'>dandum</span> <span class='ocrx_word' id='word_1_213' title='bbox 798 2553 879 2633; x_wconf 87' lang='lat' dir='ltr'>ultra</span> <span class='ocrx_word' id='word_1_214' title='bbox 893 2551 1027 2634; x_wconf 91' lang='lat' dir='ltr'>spatium</span> <span class='ocrx_word' id='word_1_215' title='bbox 1041 2558 1188 2614; x_wconf 68' lang='lat' dir='ltr'>cunemu-</span> 
     </span>
    </p>

    <p class='ocr_par' dir='ltr' id='par_1_4' title="bbox 114 2637 1277 4021">
     <span class='ocr_line' id='line_1_27' title="bbox 143 2637 1188 2730; baseline -0.016 -17"><span class='ocrx_word' id='word_1_216' title='bbox 143 2651 186 2730; x_wconf 86' lang='lat' dir='ltr'>di,</span> <span class='ocrx_word' id='word_1_217' title='bbox 212 2652 367 2714; x_wconf 88' lang='lat' dir='ltr'>censebat.</span> <span class='ocrx_word' id='word_1_218' title='bbox 425 2647 467 2710; x_wconf 87' lang='lat' dir='ltr'>Et</span> <span class='ocrx_word' id='word_1_219' title='bbox 491 2645 623 2710; x_wconf 87' lang='lat' dir='ltr'>Romani</span> <span class='ocrx_word' id='word_1_220' title='bbox 650 2643 827 2719; x_wconf 84' lang='lat' dir='ltr'>censebant,</span> <span class='ocrx_word' id='word_1_221' title='bbox 852 2637 1081 2702; x_wconf 85' lang='lat' dir='ltr'>cunctationem</span> <span class='ocrx_word' id='word_1_222' title='bbox 1102 2656 1188 2697; x_wconf 87' lang='lat' dir='ltr'>suam</span> 
     </span>
     <span class='ocr_line' id='line_1_28' title="bbox 145 2722 1188 2819; baseline -0.017 -19"><span class='ocrx_word' id='word_1_223' title='bbox 145 2737 290 2800; x_wconf 81' lang='lat' dir='ltr'>infamem</span> <span class='ocrx_word' id='word_1_224' title='bbox 316 2737 399 2819; x_wconf 88' lang='lat' dir='ltr'>apud</span> <span class='ocrx_word' id='word_1_225' title='bbox 423 2735 523 2796; x_wconf 89' lang='lat' dir='ltr'>socios</span> <span class='ocrx_word' id='word_1_226' title='bbox 553 2752 628 2809; x_wconf 86' lang='lat' dir='ltr'>esse,</span> <span class='ocrx_word' id='word_1_227' title='bbox 654 2730 862 2810; x_wconf 87' lang='lat' dir='ltr'>maximopere</span> <span class='ocrx_word' id='word_1_228' title='bbox 892 2725 1017 2806; x_wconf 82' lang='lat' dir='ltr'>indigne</span> <span class='ocrx_word' id='word_1_229' title='bbox 1046 2722 1188 2799; x_wconf 83' lang='lat' dir='ltr'>ferentes,</span> 
     </span>
     <span class='ocr_line' id='line_1_29' title="bbox 145 2809 1190 2902; baseline -0.016 -14"><span class='ocrx_word' id='word_1_230' title='bbox 145 2846 205 2888; x_wconf 92' lang='lat' dir='ltr'>non</span> <span class='ocrx_word' id='word_1_231' title='bbox 234 2826 327 2886; x_wconf 88' lang='lat' dir='ltr'>latam</span> <span class='ocrx_word' id='word_1_232' title='bbox 352 2821 482 2884; x_wconf 79' lang='lat' dir='ltr'>Pheraia</span> <span class='ocrx_word' id='word_1_233' title='bbox 508 2838 609 2902; x_wconf 88' lang='lat' dir='ltr'>opem.</span> <span class='ocrx_word' id='word_1_234' title='bbox 668 2812 932 2888; x_wconf 86' lang='lat' dir='ltr'>Consultantihus,</span> <span class='ocrx_word' id='word_1_235' title='bbox 953 2809 1028 2890; x_wconf 89' lang='lat' dir='ltr'>quid</span> <span class='ocrx_word' id='word_1_236' title='bbox 1053 2818 1190 2891; x_wconf 81' lang='lat' dir='ltr'>agerent,</span> 
     </span>
     <span class='ocr_line' id='line_1_30' title="bbox 147 2893 1189 2991; baseline -0.02 -16"><span class='ocrx_word' id='word_1_237' title='bbox 147 2913 293 2991; x_wconf 87' lang='lat' dir='ltr'>(aderant</span> <span class='ocrx_word' id='word_1_238' title='bbox 318 2921 421 2971; x_wconf 88' lang='lat' dir='ltr'>autem</span> <span class='ocrx_word' id='word_1_239' title='bbox 445 2903 598 2968; x_wconf 83' lang='lat' dir='ltr'>Eumenes</span> <span class='ocrx_word' id='word_1_240' title='bbox 623 2913 655 2964; x_wconf 89' lang='lat' dir='ltr'>et</span> <span class='ocrx_word' id='word_1_241' title='bbox 677 2901 800 2962; x_wconf 81' lang='lat' dir='ltr'>Attalus</span> <span class='ocrx_word' id='word_1_242' title='bbox 826 2899 858 2960; x_wconf 93' lang='lat' dir='ltr'>in</span> <span class='ocrx_word' id='word_1_243' title='bbox 884 2895 1031 2974; x_wconf 90' lang='lat' dir='ltr'>consilio)</span> <span class='ocrx_word' id='word_1_244' title='bbox 1052 2893 1189 2976; x_wconf 85' lang='lat' dir='ltr'>trepidus</span> 
     </span>
     <span class='ocr_line' id='line_1_31' title="bbox 146 2978 1189 3070; baseline -0.019 -9"><span class='ocrx_word' id='word_1_245' title='bbox 146 2999 274 3070; x_wconf 85' lang='lat' dir='ltr'>nuncius</span> <span class='ocrx_word' id='word_1_246' title='bbox 289 2994 399 3070; x_wconf 83' lang='lat' dir='ltr'>adfert,</span> <span class='ocrx_word' id='word_1_247' title='bbox 415 2994 534 3054; x_wconf 81' lang='lat' dir='ltr'>hostem</span> <span class='ocrx_word' id='word_1_248' title='bbox 550 3007 663 3070; x_wconf 82' lang='lat' dir='ltr'>magno</span> <span class='ocrx_word' id='word_1_249' title='bbox 679 2986 801 3068; x_wconf 78' lang='lat' dir='ltr'>agmine</span> <span class='ocrx_word' id='word_1_250' title='bbox 816 2983 933 3046; x_wconf 85' lang='lat' dir='ltr'>adesse.</span> <span class='ocrx_word' id='word_1_251' title='bbox 988 2978 1126 3043; x_wconf 88' lang='lat' dir='ltr'>Consilio</span> <span class='ocrx_word' id='word_1_252' title='bbox 1140 2979 1189 3042; x_wconf 90' lang='lat' dir='ltr'>di·</span> 
     </span>
     <span class='ocr_line' id='line_1_32' title="bbox 145 3064 1190 3164; baseline -0.017 -17"><span class='ocrx_word' id='word_1_253' title='bbox 145 3086 251 3163; x_wconf 88' lang='lat' dir='ltr'>misso,</span> <span class='ocrx_word' id='word_1_254' title='bbox 266 3085 384 3164; x_wconf 86' lang='lat' dir='ltr'>signum</span> <span class='ocrx_word' id='word_1_255' title='bbox 408 3077 563 3160; x_wconf 82' lang='lat' dir='ltr'>extemplo</span> <span class='ocrx_word' id='word_1_256' title='bbox 587 3075 687 3152; x_wconf 88' lang='lat' dir='ltr'>datur,</span> <span class='ocrx_word' id='word_1_257' title='bbox 707 3084 743 3134; x_wconf 88' lang='lat' dir='ltr'>ut</span> <span class='ocrx_word' id='word_1_258' title='bbox 758 3090 851 3133; x_wconf 85' lang='lat' dir='ltr'>arma</span> <span class='ocrx_word' id='word_1_259' title='bbox 867 3068 1004 3150; x_wconf 87' lang='lat' dir='ltr'>capiant.</span> <span class='ocrx_word' id='word_1_260' title='bbox 1063 3064 1190 3129; x_wconf 87' lang='lat' dir='ltr'>interim</span> 
     </span>
     <span class='ocr_line' id='line_1_33' title="bbox 146 3158 1189 3254; baseline -0.021 -21"><span class='ocrx_word' id='word_1_261' title='bbox 146 3169 263 3254; x_wconf 88' lang='lat' dir='ltr'>placet,</span> <span class='ocrx_word' id='word_1_262' title='bbox 278 3189 317 3231; x_wconf 82' lang='lat' dir='ltr'>ex</span> <span class='ocrx_word' id='word_1_263' title='bbox 338 3167 427 3248; x_wconf 83' lang='lat' dir='ltr'>regiis</span> <span class='ocrx_word' id='word_1_264' title='bbox 445 3163 562 3227; x_wconf 82' lang='lat' dir='ltr'>auxiliis</span> <span class='ocrx_word' id='word_1_265' title='bbox 576 3167 702 3224; x_wconf 85' lang='lat' dir='ltr'>centum</span> <span class='ocrx_word' id='word_1_266' title='bbox 717 3158 835 3240; x_wconf 91' lang='lat' dir='ltr'>equites</span> <span class='ocrx_word' id='word_1_267' title='bbox 857 3167 889 3216; x_wconf 86' lang='lat' dir='ltr'>ct</span> <span class='ocrx_word' id='word_1_268' title='bbox 910 3173 1015 3236; x_wconf 87' lang='lat' dir='ltr'>parem</span> <span class='ocrx_word' id='word_1_269' title='bbox 1030 3171 1189 3215; x_wconf 87' lang='lat' dir='ltr'>numerum</span> 
     </span>
     <span class='ocr_line' id='line_1_34' title="bbox 142 3236 1188 3340; baseline -0.022 -20"><span class='ocrx_word' id='word_1_270' title='bbox 142 3257 348 3340; x_wconf 83' lang='lat' dir='ltr'>joculatorum</span> <span class='ocrx_word' id='word_1_271' title='bbox 364 3252 498 3335; x_wconf 86' lang='lat' dir='ltr'>peditum</span> <span class='ocrx_word' id='word_1_272' title='bbox 513 3249 606 3312; x_wconf 87' lang='lat' dir='ltr'>exire.</span> <span class='ocrx_word' id='word_1_273' title='bbox 650 3251 674 3287; x_wconf 83' lang='lat'>⁹¹</span> <span class='ocrx_word' id='word_1_274' title='bbox 687 3244 812 3307; x_wconf 88' lang='lat' dir='ltr'>Perseus</span> <span class='ocrx_word' id='word_1_275' title='bbox 824 3243 902 3304; x_wconf 89' lang='lat' dir='ltr'>hora</span> <span class='ocrx_word' id='word_1_276' title='bbox 913 3239 1013 3304; x_wconf 81' lang='lat' dir='ltr'>ferme</span> <span class='ocrx_word' id='word_1_277' title='bbox 1028 3236 1087 3298; x_wconf 88' lang='lat' dir='ltr'>diei</span> <span class='ocrx_word' id='word_1_278' title='bbox 1099 3255 1188 3315; x_wconf 87' lang='lat' dir='ltr'>quar-</span> 
     </span>
     <span class='ocr_line' id='line_1_35' title="bbox 147 3319 1189 3424; baseline -0.025 -18"><span class='ocrx_word' id='word_1_279' title='bbox 147 3355 192 3423; x_wconf 88' lang='lat' dir='ltr'>ta,</span> <span class='ocrx_word' id='word_1_280' title='bbox 209 3361 301 3424; x_wconf 92' lang='lat' dir='ltr'>quum</span> <span class='ocrx_word' id='word_1_281' title='bbox 317 3339 419 3422; x_wconf 88' lang='lat' dir='ltr'>paullo</span> <span class='ocrx_word' id='word_1_282' title='bbox 433 3337 499 3420; x_wconf 86' lang='lat' dir='ltr'>plus</span> <span class='ocrx_word' id='word_1_283' title='bbox 512 3335 596 3398; x_wconf 91' lang='lat' dir='ltr'>mille</span> <span class='ocrx_word' id='word_1_284' title='bbox 610 3352 715 3417; x_wconf 89' lang='lat' dir='ltr'>passus</span> <span class='ocrx_word' id='word_1_285' title='bbox 731 3330 852 3391; x_wconf 83' lang='lat' dir='ltr'>abesset</span> <span class='ocrx_word' id='word_1_286' title='bbox 872 3347 892 3387; x_wconf 92' lang='lat' dir='ltr'>a</span> <span class='ocrx_word' id='word_1_287' title='bbox 910 3323 1016 3386; x_wconf 90' lang='lat' dir='ltr'>castris</span> <span class='ocrx_word' id='word_1_288' title='bbox 1032 3319 1189 3396; x_wconf 85' lang='lat' dir='ltr'>Romanis,</span> 
     </span>
     <span class='ocr_line' id='line_1_36' title="bbox 146 3407 1189 3508; baseline -0.026 -14"><span class='ocrx_word' id='word_1_289' title='bbox 146 3431 315 3494; x_wconf 85' lang='lat' dir='ltr'>consistere</span> <span class='ocrx_word' id='word_1_290' title='bbox 330 3427 419 3508; x_wconf 76' lang='lat' dir='ltr'>signa</span> <span class='ocrx_word' id='word_1_291' title='bbox 432 3422 568 3507; x_wconf 89' lang='lat' dir='ltr'>peditum</span> <span class='ocrx_word' id='word_1_292' title='bbox 579 3419 681 3503; x_wconf 89' lang='lat' dir='ltr'>jussit.</span> <span class='ocrx_word' id='word_1_293' title='bbox 700 3417 919 3498; x_wconf 68' lang='lat' dir='ltr'>llpraegressus</span> <span class='ocrx_word' id='word_1_294' title='bbox 934 3410 1001 3490; x_wconf 84' lang='lat' dir='ltr'>ipse</span> <span class='ocrx_word' id='word_1_295' title='bbox 1018 3427 1089 3473; x_wconf 88' lang='lat' dir='ltr'>eum</span> <span class='ocrx_word' id='word_1_296' title='bbox 1105 3407 1189 3488; x_wconf 83' lang='lat' dir='ltr'>equi-</span> 
     </span>
     <span class='ocr_line' id='line_1_37' title="bbox 148 3494 1190 3589; baseline -0.024 -8"><span class='ocrx_word' id='word_1_297' title='bbox 148 3518 227 3580; x_wconf 85' lang='lat' dir='ltr'>tibus</span> <span class='ocrx_word' id='word_1_298' title='bbox 250 3537 286 3578; x_wconf 90' lang='lat' dir='ltr'>ac</span> <span class='ocrx_word' id='word_1_299' title='bbox 309 3515 366 3576; x_wconf 83' lang='lat' dir='ltr'>levi</span> <span class='ocrx_word' id='word_1_300' title='bbox 388 3522 551 3587; x_wconf 88' lang='lat' dir='ltr'>armatura,</span> <span class='ocrx_word' id='word_1_301' title='bbox 574 3519 607 3571; x_wconf 88' lang='lat' dir='ltr'>et</span> <span class='ocrx_word' id='word_1_302' title='bbox 621 3505 716 3589; x_wconf 87' lang='lat' dir='ltr'>Cotys</span> <span class='ocrx_word' id='word_1_303' title='bbox 735 3521 806 3564; x_wconf 89' lang='lat' dir='ltr'>eum</span> <span class='ocrx_word' id='word_1_304' title='bbox 829 3517 866 3559; x_wconf 92' lang='lat' dir='ltr'>eo</span> <span class='ocrx_word' id='word_1_305' title='bbox 890 3497 1042 3576; x_wconf 86' lang='lat' dir='ltr'>ducesque</span> <span class='ocrx_word' id='word_1_306' title='bbox 1063 3494 1190 3562; x_wconf 88' lang='lat' dir='ltr'>aliorum</span> 
     </span>
     <span class='ocr_line' id='line_1_38' title="bbox 114 3583 1192 3686; baseline -0.026 -16"><span class='ocrx_word' id='word_1_307' title='bbox 114 3626 121 3632; x_wconf 87' lang='lat'><strong>·</strong></span> <span class='ocrx_word' id='word_1_308' title='bbox 148 3605 328 3669; x_wconf 85' lang='lat' dir='ltr'>auxlliorum</span> <span class='ocrx_word' id='word_1_309' title='bbox 343 3608 570 3686; x_wconf 80' lang='lat' dir='ltr'>precesserunt.</span> <span class='ocrx_word' id='word_1_310' title='bbox 624 3591 729 3654; x_wconf 87' lang='lat' dir='ltr'>Minus</span> <span class='ocrx_word' id='word_1_311' title='bbox 744 3587 928 3669; x_wconf 83' lang='lat' dir='ltr'>quingentos</span> <span class='ocrx_word' id='word_1_312' title='bbox 941 3601 1047 3665; x_wconf 88' lang='lat' dir='ltr'>passus</span> <span class='ocrx_word' id='word_1_313' title='bbox 1070 3583 1109 3644; x_wconf 89' lang='lat' dir='ltr'>ab</span> <span class='ocrx_word' id='word_1_314' title='bbox 1123 3601 1192 3643; x_wconf 82' lang='lat' dir='ltr'>eas·</span> 
     </span>
     <span class='ocr_line' id='line_1_39' title="bbox 148 3666 1277 3769; baseline -0.03 -13"><span class='ocrx_word' id='word_1_315' title='bbox 148 3693 202 3756; x_wconf 83' lang='lat' dir='ltr'>tris</span> <span class='ocrx_word' id='word_1_316' title='bbox 215 3692 355 3767; x_wconf 84' lang='lat' dir='ltr'>aberant,</span> <span class='ocrx_word' id='word_1_317' title='bbox 370 3706 463 3769; x_wconf 90' lang='lat' dir='ltr'>quum</span> <span class='ocrx_word' id='word_1_318' title='bbox 485 3686 518 3746; x_wconf 92' lang='lat' dir='ltr'>in</span> <span class='ocrx_word' id='word_1_319' title='bbox 539 3689 704 3763; x_wconf 83' lang='lat' dir='ltr'>conspectu</span> <span class='ocrx_word' id='word_1_320' title='bbox 718 3676 802 3738; x_wconf 84' lang='lat' dir='ltr'>luere</span> <span class='ocrx_word' id='word_1_321' title='bbox 816 3670 951 3734; x_wconf 90' lang='lat' dir='ltr'>hostium</span> <span class='ocrx_word' id='word_1_322' title='bbox 965 3667 1098 3748; x_wconf 75' lang='lat' dir='ltr'>equites:</span> <span class='ocrx_word' id='word_1_323' title='bbox 1126 3666 1193 3727; x_wconf 82' lang='lat' dir='ltr'>due</span> <span class='ocrx_word' id='word_1_324' title='bbox 1273 3699 1277 3706; x_wconf 43' lang='grc' dir='ltr'><em>ι</em></span> 
     </span>
     <span class='ocr_line' id='line_1_40' title="bbox 149 3750 1190 3856; baseline -0.032 -15"><span class='ocrx_word' id='word_1_325' title='bbox 149 3779 203 3841; x_wconf 83' lang='lat' dir='ltr'>alae</span> <span class='ocrx_word' id='word_1_326' title='bbox 225 3789 312 3840; x_wconf 87' lang='lat' dir='ltr'>erant</span> <span class='ocrx_word' id='word_1_327' title='bbox 333 3793 445 3856; x_wconf 84' lang='lat' dir='ltr'>magna</span> <span class='ocrx_word' id='word_1_328' title='bbox 467 3791 507 3833; x_wconf 84' lang='lat' dir='ltr'>cx</span> <span class='ocrx_word' id='word_1_329' title='bbox 529 3783 615 3852; x_wconf 88' lang='lat' dir='ltr'>parte</span> <span class='ocrx_word' id='word_1_330' title='bbox 635 3763 803 3840; x_wconf 88' lang='lat' dir='ltr'>Gallorum,</span> <span class='ocrx_word' id='word_1_331' title='bbox 820 3756 1031 3855; x_wconf 79' lang='lat' dir='ltr'>(Cassignatus</span> <span class='ocrx_word' id='word_1_332' title='bbox 1050 3750 1190 3850; x_wconf 72' lang='lat' dir='ltr'>praerat)</span> 
     </span>
     <span class='ocr_line' id='line_1_41' title="bbox 150 3835 1194 3938; baseline -0.03 -12"><span class='ocrx_word' id='word_1_333' title='bbox 150 3877 182 3926; x_wconf 88' lang='lat' dir='ltr'>et</span> <span class='ocrx_word' id='word_1_334' title='bbox 206 3863 281 3925; x_wconf 82' lang='lat' dir='ltr'>levis</span> <span class='ocrx_word' id='word_1_335' title='bbox 307 3871 462 3924; x_wconf 85' lang='lat' dir='ltr'>armaturae</span> <span class='ocrx_word' id='word_1_336' title='bbox 489 3867 612 3919; x_wconf 87' lang='lat' dir='ltr'>centum</span> <span class='ocrx_word' id='word_1_337' title='bbox 638 3851 701 3914; x_wconf 86' lang='lat' dir='ltr'>sere</span> <span class='ocrx_word' id='word_1_338' title='bbox 728 3860 760 3912; x_wconf 87' lang='lat' dir='ltr'>et</span> <span class='ocrx_word' id='word_1_339' title='bbox 785 3847 1007 3928; x_wconf 72' lang='lat' dir='ltr'>quinquaginta</span> <span class='ocrx_word' id='word_1_340' title='bbox 1032 3835 1194 3938; x_wconf 61' lang='lat' dir='ltr'>Mysraut</span> 
     </span>
     <span class='ocr_line' id='line_1_42' title="bbox 149 3924 1193 4021; baseline -0.029 -9"><span class='ocrx_word' id='word_1_341' title='bbox 149 3945 323 4013; x_wconf 87' lang='lat' dir='ltr'>Cretenses.</span> <span class='ocrx_word' id='word_1_342' title='bbox 375 3943 524 4010; x_wconf 89' lang='lat' dir='ltr'>Constitit</span> <span class='ocrx_word' id='word_1_343' title='bbox 546 3961 610 4021; x_wconf 88' lang='lat' dir='ltr'>rex,</span> <span class='ocrx_word' id='word_1_344' title='bbox 631 3939 762 4002; x_wconf 88' lang='lat' dir='ltr'>incertus</span> <span class='ocrx_word' id='word_1_345' title='bbox 786 3940 933 4016; x_wconf 87' lang='lat' dir='ltr'>quantum</span> <span class='ocrx_word' id='word_1_346' title='bbox 951 3937 1032 3990; x_wconf 85' lang='lat' dir='ltr'>esset</span> <span class='ocrx_word' id='word_1_347' title='bbox 1049 3924 1193 3985; x_wconf 71' lang='lat' dir='ltr'>hostium.</span> 
     </span>
    </p>
   </div>
   <div class='ocr_carea' id='block_1_3' title="bbox 150 4101 1197 4587">
    <p class='ocr_par' dir='ltr' id='par_1_5' title="bbox 150 4101 1197 4334">
     <span class='ocr_line' id='line_1_43' title="bbox 182 4101 1195 4204; baseline -0.021 -14"><span class='ocrx_word' id='word_1_348' title='bbox 182 4139 317 4192; x_wconf 61' lang='lat' dir='ltr'>aaran</span> <span class='ocrx_word' id='word_1_349' title='bbox 335 4139 432 4204; x_wconf 65' lang='lat' dir='ltr'>pum]</span> <span class='ocrx_word' id='word_1_350' title='bbox 454 4135 528 4185; x_wconf 69' lang='lat' dir='ltr'>vrat</span> <span class='ocrx_word' id='word_1_351' title='bbox 547 4130 658 4198; x_wconf 58' lang='lat' dir='ltr'>persua</span> <span class='ocrx_word' id='word_1_352' title='bbox 687 4128 746 4194; x_wconf 65' lang='lat' dir='ltr'>jen</span> <span class='ocrx_word' id='word_1_353' title='bbox 764 4101 869 4188; x_wconf 63' lang='lat' dir='ltr'>samia</span> <span class='ocrx_word' id='word_1_354' title='bbox 888 4134 968 4172; x_wconf 68' lang='lat' dir='ltr'>roam</span> <span class='ocrx_word' id='word_1_355' title='bbox 982 4119 1045 4182; x_wconf 71' lang='lat' dir='ltr'>nn,</span> <span class='ocrx_word' id='word_1_356' title='bbox 1062 4134 1114 4182; x_wconf 58' lang='lat' dir='ltr'>qia</span> <span class='ocrx_word' id='word_1_357' title='bbox 1130 4133 1195 4170; x_wconf 72' lang='lat' dir='ltr'>m-</span> 
     </span>
     <span class='ocr_line' id='line_1_44' title="bbox 150 4192 1014 4268; baseline -0.029 -9"><span class='ocrx_word' id='word_1_358' title='bbox 150 4205 243 4268; x_wconf 71' lang='lat' dir='ltr'>qeidm.</span> <span class='ocrx_word' id='word_1_359' title='bbox 284 4205 414 4254; x_wconf 76' lang='lat' dir='ltr'>Gronovius</span> <span class='ocrx_word' id='word_1_360' title='bbox 432 4199 562 4267; x_wconf 54' lang='lat' dir='ltr'>rupertus</span> <span class='ocrx_word' id='word_1_361' title='bbox 580 4199 659 4258; x_wconf 69' lang='lat' dir='ltr'>legen·</span> <span class='ocrx_word' id='word_1_362' title='bbox 690 4192 1014 4263; x_wconf 77' lang='lat' dir='ltr'>modeebessenonpotetat.</span> 
     </span>
     <span class='ocr_line' id='line_1_45' title="bbox 151 4248 1197 4334; baseline -0.025 -14"><span class='ocrx_word' id='word_1_363' title='bbox 151 4271 441 4334; x_wconf 69' lang='lat' dir='ltr'>dnm,prmquodrrrr.</span> <span class='ocrx_word' id='word_1_364' title='bbox 723 4256 1043 4318; x_wconf 57' lang='lat' dir='ltr'>”bagranum-..et</span> <span class='ocrx_word' id='word_1_365' title='bbox 1062 4248 1197 4324; x_wconf 68' lang='lat' dir='ltr'>cospectu</span> 
     </span>
    </p>

    <p class='ocr_par' dir='ltr' id='par_1_6' title="bbox 153 4313 1195 4529">
     <span class='ocr_line' id='line_1_46' title="bbox 184 4313 1195 4450; baseline -0.012 -78"><span class='ocrx_word' id='word_1_366' title='bbox 184 4337 208 4372; x_wconf 83' lang='lat' dir='ltr'>so</span> <span class='ocrx_word' id='word_1_367' title='bbox 218 4334 285 4450; x_wconf 52' lang='grc' dir='ltr'>Ἢ,</span> <span class='ocrx_word' id='word_1_368' title='bbox 299 4341 415 4385; x_wconf 64' lang='lat' dir='ltr'>mm</span> <span class='ocrx_word' id='word_1_369' title='bbox 424 4329 506 4396; x_wconf 66' lang='lat' dir='ltr'>m]</span> <span class='ocrx_word' id='word_1_370' title='bbox 527 4328 603 4392; x_wconf 66' lang='lat' dir='ltr'>Magis</span> <span class='ocrx_word' id='word_1_371' title='bbox 611 4327 660 4392; x_wconf 67' lang='lat' dir='ltr'>pls-</span> <span class='ocrx_word' id='word_1_372' title='bbox 693 4324 834 4414; x_wconf 59' lang='lat' dir='ltr'>annaque</span> <span class='ocrx_word' id='word_1_373' title='bbox 844 4348 852 4363; x_wconf 83' lang='lat'>.</span> <span class='ocrx_word' id='word_1_374' title='bbox 863 4351 870 4365; x_wconf 91' lang='lat'>.</span> <span class='ocrx_word' id='word_1_375' title='bbox 882 4313 1062 4393; x_wconf 60' lang='lat' dir='ltr'>pressent-ant]</span> <span class='ocrx_word' id='word_1_376' title='bbox 1083 4313 1195 4362; x_wconf 76' lang='lat' dir='ltr'>Manifes-</span> 
     </span>
     <span class='ocr_line' id='line_1_47' title="bbox 153 4381 1092 4529; baseline -0.023 -77"><span class='ocrx_word' id='word_1_377' title='bbox 153 4408 661 4529; x_wconf 47' lang='lat' dir='ltr'>‘hipffoessmwfflffl</span> <span class='ocrx_word' id='word_1_378' title='bbox 694 4381 1092 4438; x_wconf 75' lang='lat' dir='ltr'>rmsrtvsemultmmrorsa.</span> 
     </span>
    </p>

    <p class='ocr_par' dir='ltr' id='par_1_7' title="bbox 734 4539 786 4587">
     <span class='ocr_line' id='line_1_48' title="bbox 734 4539 786 4587; baseline -0.019 1"><span class='ocrx_word' id='word_1_379' title='bbox 734 4539 754 4581; x_wconf 83' lang='lat' dir='ltr'>G</span> <span class='ocrx_word' id='word_1_380' title='bbox 771 4544 786 4587; x_wconf 68' lang='lat' dir='ltr'>a</span> 
     </span>
    </p>
   </div>
   <div class='ocr_carea' id='block_1_4' title="bbox 0 0 1618 5225">
    <p class='ocr_par' dir='ltr' id='par_1_8' title="bbox 0 0 1618 5225">
     <span class='ocr_line' id='line_1_49' title="bbox 0 0 1618 5225; baseline 0 0"><span class='ocrx_word' id='word_1_381' title='bbox 0 0 1618 5225; x_wconf 95' lang='lat' dir='ltr'> </span> 
     </span>
    </p>
   </div>
  </div>
 </body>
</html>
