3184 5225
589 627 649 736 T.
685 628 807 737 LIV
808 628 861 736 ΙΙ
909 626 1252 736 PATAVINI

733 882 935 961 LIBER
974 882 1120 961 xum.

232 1304 266 1357 u.
276 1304 308 1359 c.
318 1306 375 1361 sol.
441 1290 594 1358 EADEM
609 1306 725 1376 estote,
740 1317 803 1380 qus
824 1297 856 1361 in
869 1296 1031 1362 Thessalia
1054 1301 1063 1337 ¹
1077 1296 1209 1381 equestri
1225 1314 1326 1381 pugno
1343 1297 1446 1359 vicere

147 1385 152 1396 ⁸
232 1372 307 1426 Μ·
321 1375 375 1426 ¹7¹·
399 1375 540 1459 Romani,
560 1383 712 1465 'legatus
732 1385 765 1447 in
785 1384 939 1469 illyricum
964 1406 983 1448 o
1008 1386 1135 1448 consule
1156 1386 1278 1465 missus,
1300 1384 1448 1467 oprdcnts

229 1436 340 1567 &ab
351 1437 386 1490 ῃ·
398 1466 459 1530 duo
478 1468 635 1553 oppidovi
651 1482 742 1553 atque
761 1472 854 1533 ermis
876 1472 979 1555 coegit
1000 1472 1031 1534 in
1047 1471 1251 1535 deditionem:
1279 1470 1444 1552 omniaque

396 1552 434 1616 iie
458 1572 515 1617 sus
535 1557 699 1634 concessit,
717 1570 754 1620 ut
778 1558 924 1641 opinione
948 1558 1116 1622 clementie
1141 1560 1205 1637 e'os,
1229 1556 1281 1639 qui
1303 1555 1444 1619 Curnon-

396 1650 460 1703 tem
487 1642 636 1706 munitam
661 1644 766 1707 urbem
792 1644 978 1723 incolebant,
1006 1645 1162 1709 sdliceret.
1185 1656 1349 1727 postquam
1374 1664 1444 1723 nec,

395 1737 431 1789 ut
453 1725 600 1793 dederent
625 1750 670 1809 sc,
696 1730 892 1812 compellere,
911 1750 1007 1815 neque
1028 1752 1137 1813 cepere
1163 1728 1334 1795 obsidendo
1352 1742 1442 1814 potc-

396 1824 459 1893 rct3
488 1834 530 1879 ne
552 1815 669 1879 duobus
692 1816 973 1900 obpugnationibus
1000 1818 1203 1900 nequidquam
1219 1816 1364 1899 fatigatus
1381 1818 1442 1879 mi-

395 1898 440 1963 les
453 1911 543 1981 esset,
558 1904 656 1987 'quus
670 1904 752 1987 prius
766 1903 899 1966 intactos
913 1904 1002 1965 urbes
1017 1903 1190 1987 reliquerat,
1202 1902 1339 1987 diripuit.
1383 1903 1441 1965 Al·

231 1990 369 2050 edem.
394 1994 443 2047 ter
472 1988 578 2051 consol
607 1988 645 2052 C.
667 1988 789 2051 Cassius
814 2010 871 2051 nec
897 1989 929 2051 in
952 1987 1066 2069 Guliin,
1092 2010 1183 2072 quom
1210 1990 1336 2052 sortitos
1365 2002 1442 2069 eret,

229 2070 354 2121 ΝΜ·
393 2074 593 2136 memorabile
616 2076 784 2157 quidquam
806 2075 921 2159 gessit:
952 2087 984 2139 et
1007 2096 1060 2159 per
1085 2075 1239 2160 Illyricum
1262 2076 1373 2139 ducere
1396 2076 1442 2137 lc-

393 2157 501 2239 gioncs
523 2160 554 2221 in
569 2157 787 2225 Macedoniam
805 2182 884 2226 vano
906 2162 1031 2247 incepto
1057 2173 1104 2225 est
1129 2174 1267 2227 conatus.
1320 2160 1441 2243 Ingres-

393 2264 461 2307 sum
489 2245 551 2308 hoc
580 2246 639 2309 iter
668 2249 824 2311 consulem
852 2259 973 2311 senatus
1000 2270 1041 2311 ex
1065 2248 1304 2330 Aquileiensium
1329 2248 1440 2330 legatis

393 2333 557 2413 cognorit:
589 2334 652 2416 qui,
676 2345 845 2415 querentes*
865 2334 1017 2397 coloniam
1044 2354 1130 2397 susm
1157 2356 1265 2399 novom
1294 2346 1326 2398 et
1354 2334 1440 2397 infir·

392 2436 487 2496 mnm,
506 2419 638 2479 necdum
661 2422 735 2482 satis
759 2422 921 2499 munitam,
939 2421 1019 2483 inter
1037 2422 1165 2484 infestes
1185 2423 1326 2487 notiones
1343 2419 1438 2485 Istro-

393 2520 460 2563 rum
484 2515 516 2565 ct
535 2501 703 2588 lllyriorum
725 2526 804 2584 esse,
825 2526 918 2588 quum
933 2519 1084 2589 peterent,
1099 2519 1135 2569 ut
1151 2519 1273 2571 senatus
1290 2528 1368 2571 curte
1383 2509 1438 2570 hs·

392 2587 489 2667 beret,
504 2590 658 2672 quomodo
680 2613 718 2654 es
736 2592 860 2656 colonis
881 2593 1059 2675 muniretur,
1079 2594 1267 2677 interrogati,
1285 2594 1440 2658 vellentne

392 2693 461 2736 eom
477 2694 540 2737 rem
556 2675 593 2738 C.
606 2674 713 2741 Cossio
728 2679 846 2741 consuli
861 2681 1019 2743 mandari?
1044 2681 1271 2764 responderunt,
1286 2677 1439 2759 Cassium,

391 2759 565 2842 Aquileiam
584 2762 702 2826 indicto
724 2766 869 2845 exercitu,
886 2767 1055 2850 profectum
1075 2787 1128 2852 per
1143 2765 1296 2851 illyricum
1316 2766 1349 2827 in
1363 2763 1438 2828 Ms-

391 2846 553 2910 cedonism
580 2870 655 2912 esse.
711 2848 759 2915 Eo
786 2874 834 2914 res
863 2854 963 2936 primo
990 2853 1173 2920 incredibilis
1200 2853 1281 2914 visa:
1317 2863 1350 2916 ct
1380 2872 1438 2935 pro

390 2951 424 2993 se
444 2933 573 3016 quisque
594 2934 730 3017 credere,
749 2935 859 3000 Cernis
884 2938 1010 3002 forsitan
1033 2952 1087 3004 sut
1107 2938 1192 3003 lstris
1213 2938 1328 3001 bellum
1354 2936 1438 3000 inls-

389 3026 467 3081 tum.
522 3019 603 3083 Tum
626 3021 846 3105 Aquileienses,
867 3025 943 3087 nihil
968 3027 1106 3090 scultro
1131 3026 1217 3104 scire,
1240 3045 1296 3087 nec
1323 3024 1437 3086 sudore

389 3103 561 3187 adfirmare,
582 3127 673 3189 quom
697 3111 826 3192 triginta
846 3111 963 3174 dierum
987 3112 1172 3176 frumentum
1197 3111 1286 3174 militi
1307 3110 1436 3188 datum,

388 3199 422 3250 et
444 3190 548 3272 duces,
569 3195 622 3276 qui
642 3217 681 3258 ex
697 3194 788 3259 Italis
802 3198 911 3262 itinera
925 3199 957 3260 in
972 3196 1192 3262 Macedoniam
1205 3208 1343 3275 nossent,
1358 3217 1435 3260 con·

387 3275 517 3357 quisitos
547 3281 763 3366 obductosque.
828 3282 992 3347 Enimvero
1021 3295 1145 3349 senatus
1174 3283 1339 3368 indignari,
1367 3293 1435 3345 tsn-

386 3371 455 3424 tum
478 3368 635 3431 consulem
660 3388 776 3450 susum,
802 3382 837 3435 ut
859 3391 945 3434 susm
971 3371 1157 3455 provinciam
1184 3371 1377 3453 relinqueret,
1403 3369 1434 3430 in

387 3445 519 3512 alienum
538 3455 702 3535 tmnsirct3
732 3458 901 3521 exercitum
927 3478 1006 3521 novo
1029 3456 1199 3541 periculoso
1222 3457 1330 3519 itincre
1354 3456 1433 3517 inter

386 3543 508 3632 epterns
592 3551 637 3602 tes
658 3541 795 3622 duceret,
816 3543 896 3606 viam
918 3555 966 3607 tot
983 3544 1158 3608 ustionibus
1174 3543 1207 3606 in
1223 3541 1344 3606 ltaliam
1359 3561 1434 3624 spc-

386 3630 471 3684 met.
595 3639 707 3692 emunt
729 3629 913 3711 frequentes,
936 3641 971 3694 ut
997 3629 1034 3694 C.
1058 3628 1209 3715 Sulpicius
1234 3637 1346 3714 pretor
1371 3639 1433 3690 tres

384 3723 425 3768 cx
453 3724 562 3774 senem
589 3714 728 3778 nominet
753 3714 883 3798 legatos,
908 3716 959 3799 qui
986 3735 1024 3779 eo
1054 3717 1105 3781 die
1133 3714 1364 3802 proficiscantur
1393 3733 1433 3776 ex

392 3965 399 3978 ι
417 3899 806 3974 'Wrimvicmiimm
832 3911 891 3962 Vlc-
956 3911 1074 3980 ’legatos
1089 3915 1115 3962 in
1126 3909 1364 3977 Illyricnnnmimn]
1383 3909 1432 3959 ux-

381 3965 505 4044 uspersus
516 3971 613 4022 Romul
627 3989 656 4024 eo
671 3976 776 4054 proellcq
838 3977 890 4027 dee·
923 3977 978 4028 cidit
990 3978 1162 4038 nomenlegari.
1202 3977 1258 4026 Non
1274 3977 1370 4026 absurde
1382 3991 1432 4025 erre-

382 4033 476 4107 tpbltur
490 4049 512 4083 c.
522 4039 562 4087 59.
571 4038 623 4087 libri
638 4042 801 4104 ριεοοάιιιιιιι
821 4057 890 4108 mpe-
922 4045 1012 4108 pientur
1028 4044 1133 4107 Sigonius
1147 4039 1180 4089 Q
1191 4041 1298 4090 Mucium
1313 4041 1391 4096 fuisse,
1401 4041 1433 4088 de

380 4107 453 4143 ΝΜ
472 4097 539 4147 fuere
560 4118 589 4151 eo
610 4106 670 4167 qnod
685 4106 787 4155 refertur
806 4123 829 4156 c.
849 4109 889 4158 66.
923 4125 970 4172 quo
980 4109 1056 4172 psello
1066 4120 1120 4158 ente
1134 4107 1221 4156 mentio
1231 4107 1292 4157 facte
1305 4117 1342 4155 est
1353 4117 1432 4154 extre·

379 4157 462 4236 Ῐῐξφῑθ
478 4160 687 4240 legirermovise:
792 4174 891 4238 'pugna
922 4174 1108 4224 mollbrcxtn.
1390 4234 1397 4246 ·

376 4181 814 4312 medlsddndtoicmw.
843 4239 889 4286 Sed
955 4238 1040 4316 ³qu
1061 4239 1125 4315 prins
1142 4240 1236 4286 renem
1256 4231 1433 4347 'MAQ'

395 4433 469 4496 ,Μ
480 4433 557 4485 P⁰¹¹¹¹⁸
567 4429 691 4490 “mimz
708 4433 802 4496 equestri
809 4447 888 4498 pugeio
920 4444 980 4484 rent.

376 4483 508 4550 misum
518 4485 621 4546 Romal,
