3184 5225
418 376 422 389 .
490 335 692 397 Ltu.xt1V.
707 338 791 399 CAl’.
813 336 879 396 XV.
1156 340 1213 403 1³5

153 488 262 553 ‘iuter
288 488 477 553 Macedonas
501 490 718 576 Romanosque
743 505 837 572 esset,
862 491 919 555 sibi
941 492 1110 557 amicitiam
1134 515 1205 559 cum
1219 514 1366 571 uem,

155 574 169 610 ‘
183 596 256 659 rege
271 574 382 639 Perseo
398 589 541 660 coeptam.
552 600 620 643 earn
636 601 668 641 se
684 580 805 659 invitos,
814 580 897 641 nullo
909 576 974 661 ejus
988 580 1020 641 in
1034 600 1068 641 se
1082 581 1204 662 mento,
1218 580 1249 634 Α·
1260 582 1292 637 C·
1304 584 1361 637 1⁶9·

156 662 167 694 ‘
184 664 328 745 quoniam
340 663 385 727 ita
396 662 543 727 Romanis
552 666 650 729 visum
664 666 705 727 sit
716 666 937 729 insacietatem
950 687 983 727 se
993 666 1065 729 belli
1075 668 1205 747 trahere,

157 748 390 833 ‘interrupisse
437 748 577 813 Tertium
601 772 633 815 se
660 772 775 815 antrum
798 752 895 815 multa
919 749 985 833 ejus
1008 752 1205 816 incommoda

157 834 257 897 ‘belli
273 836 395 900 sentire.
418 836 494 899 mari
510 837 684 917 intercluso,
700 838 806 920 inopia
820 838 948 900 insulam
964 838 1072 921 premi,
1085 840 1204 901 arnissis

158 919 212 959 ‘⁸³
225 923 385 984 maritimis
409 923 607 1003 vectigalibus
634 936 725 1006 atque
756 924 989 985 commeatibus.
1043 922 1146 995 Quum
1172 925 1205 987 id

157 1007 170 1039 ‘
185 1008 265 1069 ultra
285 1010 350 1091 pati
365 1029 428 1071 non
442 1021 578 1091 possent,
593 1009 712 1091 legatos
728 1010 804 1071 alios
819 1009 859 1071 ad
884 1008 992 1071 Persea
1006 1009 1037 1070 in
1053 1007 1205 1075 Macedo·

158 1092 269 1155 ‘niam
285 1094 413 1173 misisse,
435 1096 486 1177 qui
501 1096 529 1156 ei
552 1096 779 1175 denunciarent,
799 1094 928 1157 Rhodiis
951 1095 1081 1177 placere,
1095 1116 1206 1178 pacem

158 1179 170 1212 ‘
185 1200 257 1241 eum
272 1201 455 1264 componere
478 1202 548 1244 cum
563 1180 727 1244 Romanis:
758 1202 790 1243 se
807 1180 939 1243 Romam
946 1179 1060 1242 eadem
1076 1182 1206 1245 nuncia-

158 1265 250 1327 ‘tum
265 1267 384 1328 missos.
429 1264 485 1329 Per
500 1288 575 1347 quos
591 1270 736 1347 stetisset,
747 1288 809 1350 quo
824 1267 923 1329 minus
939 1266 1008 1329 belli
1022 1265 1090 1327 finis
1105 1266 1207 1345 lieret,

159 1350 328 1415 ‘adversus
343 1374 394 1414 eos
410 1352 484 1435 quid
497 1353 555 1414 sibi
571 1353 744 1417 laciendum
764 1364 853 1431 esset,
869 1352 1006 1416 Rhodios
1027 1352 1204 1415 considera·

160 1437 269 1501 ‘turos
296 1438 384 1501 esse!
428 1436 476 1501 Ne
491 1460 571 1501 nnnc
595 1442 718 1523 quidem
739 1440 803 1501 haec
824 1440 889 1499 sine
912 1439 1122 1521 indignatione
1142 1438 1208 1521 legi

119 1574 123 1581 .
159 1524 296 1587 audirive
323 1546 423 1607 posse,
447 1536 564 1587 certum
588 1526 697 1589 habeo.
724 1525 794 1589 inde
821 1525 986 1587 existimari
1012 1536 1125 1608 potest,
1151 1524 1209 1607 qui

160 1608 283 1673 habitus
298 1611 467 1673 animorum
483 1611 674 1676 audientibus
690 1634 727 1674 ea
742 1610 879 1673 Patribus
894 1610 993 1673 fuerit.

204 1694 277 1759 XV.
299 1696 455 1774 Claudius,
479 1698 554 1759 nihil
580 1717 769 1780 responsum,
794 1707 987 1761 auctorest:
1020 1706 1138 1759 tantum
1154 1716 1204 1757 se·

159 1783 424 1879 patusqonsultum
441 1784 611 1862 recitatum,
633 1806 693 1865 quo
715 1782 807 1847 Caras
823 1796 855 1846 et
876 1780 987 1867 Lycios
1007 1783 1117 1845 liberos
1138 1772 1343 1888 esseffiffi

111 1900 115 1907 ·
155 1868 281 1950 Juberet
296 1869 425 1951 populus
441 1868 607 1949 Romanus,
631 1870 794 1952 literaeque
809 1870 963 1951 extemplo
986 1868 1028 1930 ad
1043 1880 1203 1951 utramque
1216 1904 1369 1957 m

161 1957 317 2036 gentem*
334 1957 359 1993 ⁸⁴
372 1955 484 2017 scirent
499 1956 670 2019 indicatum
692 1956 783 2018 mitti.
829 1954 898 2026 Qua
912 1955 1016 2017 audita
1031 1976 1074 2032 re,
1089 1954 1203 2037 princi·
1231 2001 1235 2007 1

163 2061 234 2123 pem
251 2041 422 2125 legationis,
437 2038 523 2123 cujus
539 2042 836 2125 magniloquentiam
852 2042 902 2104 vix
917 2041 1001 2103 curia
1013 2040 1117 2123 paullo
1133 2050 1205 2101 ante

162 2126 1008 2275 f‘lz‘tttltllnll'tltttltttlllllt
1029 2124 1206 2273 thtllt

160 2298 380 2382 ‘compertum
405 2234 561 2377 ualuisse?
585 2237 723 2361 Rhodios
747 2319 817 2362 cum
841 2298 951 2360 Perseo
974 2317 1044 2378 rege
1067 2296 1206 2358 adversita

162 2384 411 2467 ‘rempublicam
438 2404 523 2445 suam
548 2385 669 2446 occulta
694 2385 823 2447 consilia
835 2384 947 2445 inisse:
979 2382 1064 2460 et‚si
1086 2381 1119 2442 id
1133 2395 1207 2446 ante

160 2471 172 2504 ⁴
189 2470 318 2532 dubium
335 2469 448 2548 luisset,
470 2469 639 2551 legatorum
655 2470 764 2552 paullo·
777 2481 849 2531 ante
863 2470 955 2530 verba
970 2466 1010 2527 ad
1025 2478 1141 2527 certum
1156 2486 1206 2527 re-

162 2556 330 2639 ‘degisset
365 2567 397 2618 et
421 2556 596 2640 plerumque
621 2556 716 2639 ipsam
741 2576 774 2618 se
802 2555 949 2634 fraudem,
974 2552 1092 2614 etiamsi
1117 2552 1207 2618 initio

164 2645 175 2678 ‘
192 2643 310 2706 cautior
326 2641 426 2718 fuerit,
443 2641 594 2723 detegere.
639 2641 776 2704 Rhodios
802 2643 828 2681 ⁸⁶
840 2643 952 2702 nuncio
966 2638 998 2700 iu
1021 2639 1094 2700 orbe
1109 2650 1207 2700 terra*

164 2729 256 2792 ‘rum
273 2728 397 2791 arbitria
422 2727 493 2788 belli
518 2728 660 2810 pacisque
687 2749 798 2810 agere:
832 2726 1005 2788 ”Deorum
1020 2735 1097 2785 num
1123 2742 1208 2785 arma

162 2816 175 2848 ‘
190 2828 340 2878 sumturus
356 2813 567 2897 positurosque
590 2811 745 2875 Romanos
760 2834 836 2875 esse.
852 2811 919 2895 jam
934 2832 995 2873 non
1009 2810 1092 2872 Deos
1108 2809 1207 2870 foede·

166 2901 256 2964 ‘tuns
283 2913 391 2978 testes,
412 2899 467 2962 sed
493 2896 630 2960 Rhodios
654 2899 821 2962 habituros.
864 2895 987 2959 ⁸⁷ltane
1013 2895 1139 2957 tandem
1170 2894 1208 2958 iis

165 2986 343 3070 ‘pareatut,
358 2985 567 3066 exercitusque
582 2984 620 3046 de
635 2983 822 3047 Macedonia
838 2982 1060 3066 deportentur?
1080 2977 1208 3041 Visuros

198 3094 220 3128 ⁸³
233 3094 247 3122 ¹
259 3092 382 3142 Maritimt's
393 3092 602 3156 uectigalibusoequa
611 3108 669 3142 sons·
701 3093 784 3140 liturus
800 3110 816 3140 a
834 3091 954 3152 &lpumio
973 3098 1065 3150 prason
1086 3085 1165 3134 Fuluio
1186 3094 1209 3136 tt

167 3155 279 3222 Μῶμε]
295 3157 409 3206 Maritima
419 3158 535 3217 vectigalis
553 3169 607 3204 sunt
617 3172 668 3219 por·
699 3157 910 3204 senatusconsultum
920 3155 1021 3202 tradidit.

165 3221 540 3284 toria‚etslisemareedcsqusain
551 3221 669 3284 publicum
733 3219 756 3254 ⁸⁵
774 3218 874 3280 Nautio]
896 3219 951 3266 Urso
969 3216 1054 3265 nuntio
1066 3213 1208 3278 parotium

167 3287 328 3346 ”diatim
343 3287 493 3336 nutribar
504 3286 630 3350 importatis
644 3286 669 3334 in
700 3295 814 3332 terramus
835 3287 911 3332 mimo.
951 3278 991 3329 Sic
1010 3281 1062 3330 Cis.
1080 3293 1122 3342 [ao
1145 3277 1209 3338 lat·

166 3350 275 3400 iasohm.
315 3351 425 3400 Meritimi
443 3363 592 3406 commeatus,
606 3367 669 3412 qusa-
703 3349 788 3396 Manil.
808 3361 834 3394 a.
857 3349 894 3396 11.
912 3354 943 3392 tet
961 3347 1042 3394 cloiam
1060 3341 1209 3390 Romnum

168 3431 260 3493 cunque
271 3417 329 3464 mari
341 3416 478 3492 iaqehmtur
489 3417 516 3464 sd
529 3429 597 3463 mum
608 3429 671 3463 com·
702 3413 798 3488 anillitus
815 3426 860 3458 urso
874 3410 955 3457 auseis
970 3417 1036 3471 utque
1055 3422 1100 3453 utro
1117 3413 1210 3465 tempera

167 3481 470 3609 mqqnffiqpqnqqzqm]
487 3544 550 3594 Has
566 3554 672 3606 compta
701 3485 887 3586 ”wilm
911 3535 982 3614 astu]
1006 3534 1083 3610 Meti}
1107 3533 1209 3610 pbtsrpt

163 3626 214 3662 ane
232 3612 304 3662 cuivis
320 3623 421 3674 apparet.
464 3609 570 3670 Sigonius
591 3609 670 3670 legen·
702 3617 875 3666 mmaempe
884 3601 1041 3649 Rhodiorum:
1060 3599 1209 3674 saqutrlemtq

160 3677 220 3726 dum
231 3688 296 3740 putat
307 3685 333 3724 ut
343 3675 433 3723 maort:
458 3675 537 3736 idest,
549 3686 575 3722 ut
587 3673 672 3720 Rhodii
702 3670 791 3718 duobus
810 3667 919 3744 oratioms
935 3665 1055 3723 mnam
1069 3663 1209 3738 pruchsuts

165 3742 254 3790 scirem
272 3757 324 3792 rem
340 3739 462 3788 iudicatam
481 3755 530 3788 esse
549 3738 626 3804 Lyciis
647 3749 671 3786 st
703 3749 729 3783 ec
749 3744 866 3796 sequestr,
887 3747 963 3780 smera
1135 3741 1209 3774 trau

165 3805 270 3855 Caribus.
292 3804 584 3864 &damnosissimum
595 3814 619 3852 et
630 3803 671 3850 olt-
704 3799 797 3854 Rhodii,
810 3814 864 3875 qma
873 3797 941 3862 perit,
956 3797 976 3843 si
996 3797 1085 3856 egimus
1100 3792 1209 3846 dem,

165 3887 259 3920 nurum
276 3873 374 3918 ridetur.
408 3869 484 3930 Magis
505 3870 598 3918 inclinar
620 3883 673 3916 sen·
703 3865 825 3920 manum,
843 3877 863 3910 as
880 3863 1021 3938 reponimus·
1034 3873 1117 3906 eorm
1155 3853 1210 3902 Nus

167 3937 405 3985 tentiamcrsdsmus
419 3935 674 3982 admireutindlmtum
704 3929 785 3978 melius
802 3939 838 3977 est
855 3928 930 3988 legere
949 3926 1093 3973 marma
1123 3917 1210 3981 luds·

167 4000 197 4050 ab
208 4000 285 4063 aliquo
301 3999 448 4048 emendatore
466 4013 525 4056 esse,
539 3999 577 4060 qui
592 3997 674 4062 depra-
696 3995 765 4043 caim
777 3994 914 4058 repetitione
928 3993 989 4040 tsest
999 3986 1083 4050 sliqaid
1092 3984 1212 4032 masicen

167 4077 243 4114 satam
261 4065 404 4128 aliquatenus
421 4075 523 4111 reserem
540 4063 673 4126 scripturam
737 4059 759 4095 ⁸⁷
782 4057 847 4105 ltuse
866 4054 965 4117 nasim]
992 4053 1064 4101 llatae
1083 4050 1160 4097 Ιοωιι
1174 4063 1210 4098 ne

162 4142 245 4180 sactus
270 4129 343 4190 magis
368 4129 506 4188 foedsverit;
539 4128 673 4189 Utrumque
704 4124 781 4185 legere
795 4134 820 4170 et
831 4124 992 4182 interpungere
1008 4118 1123 4192 placarem
1139 4112 1212 4162 dtas

166 4195 298 4260 scripsisse:
323 4191 461 4256 Litteraque
478 4194 618 4255 ertsnpload
636 4201 674 4238 set·
706 4187 812 4236 tandsml
835 4183 868 4232 Ns'
882 4192 998 4246 pomosa,
1018 4179 1212 4240 saetam&

167 4275 256 4321 tamque
261 4267 350 4324 gestiam
360 4269 381 4305 st
391 4260 597 4306 semtmwuurttum
608 4257 673 4307 mitti.
707 4252 837 4300 Macedonia
847 4251 997 4311 deportentur,
1010 4251 1092 4296 uuum
1100 4258 1143 4292 ass
1156 4242 1212 4305 md

168 4321 261 4398 {deame
272 4339 322 4374 mm
333 4333 371 4372 est
381 4338 441 4386 saepe
452 4334 549 4370 tutatus
565 4321 638 4377 Livio,
649 4332 674 4368 ut
705 4315 880 4379 aususausus
890 4314 934 4360 stt?
950 4313 1009 4361 llas
1015 4313 1096 4360 sdtlma
1106 4308 1173 4356 serta
1180 4321 1211 4355 aa

166 4387 563 4453 manstteujmmagmrstmcum
570 4396 676 4435 senatus·
707 4381 812 4457 praticae
824 4378 965 4426 Rhodiorum
983 4373 1213 4444 dsnmptmbitpst

164 4452 274 4502 omsulso
283 4455 413 4502 mittantur.
429 4452 624 4502 stet.xxv1.c.
640 4451 677 4499 15.
708 4459 836 4493 musonem
843 4452 987 4508 repetuntur.
