3184 5225
351 328 372 381 9
754 323 840 386 ΤΙΤΙ
858 325 960 384 Lll'll

189 497 224 550 v.
234 499 266 548 e.
277 496 336 548 57⁴.
358 479 442 542 ‘uec
456 481 535 542 rullus
549 479 745 562 alicuiquam,
760 483 813 562 qui
828 483 892 544 nati
908 481 994 544 liberi
1010 481 1084 558 sint,
1106 481 1138 541 in
1153 482 1326 542 servitutem
1343 481 1410 542 dari

191 563 262 616 Μ’·
275 561 329 614 ¹⁷³·
359 567 517 650 ‘placere
560 566 673 652 Lycios
687 569 733 630 ita
745 571 803 630 suh
815 567 1003 630 Rhodiorum
1019 568 1108 628 simul
1125 568 1253 650 imperio
1266 581 1297 628 et
1312 569 1407 629 tutela

361 655 373 688 ‘
387 674 465 732 esse,
478 665 514 716 ut
526 655 560 716 iu
574 655 693 716 ditione
707 655 812 737 populi
830 655 960 718 Romani
975 655 1113 716 civitates
1128 657 1217 716 sociae
1231 655 1314 716 sint!

191 738 331 818 Τήῑψῲῖ,
405 739 478 804 Vll.
512 739 676 824 Triumphi
701 741 813 803 deinde
838 763 878 803 ex
908 741 1059 823 Hispania
1084 741 1146 802 duo
1174 743 1311 802 continui
1339 743 1408 803 acti.

192 805 351 870 ΜΨ
360 828 449 894 Prior
463 825 662 911 Sempronius
684 825 842 889 Gracchus
869 828 909 888 de
923 827 1083 888 Celtiberis
1107 828 1258 910 sociisque
1283 848 1387 888 eorum
1397 849 1413 904 5

361 927 489 1001 postero
503 916 555 977 die
575 913 611 976 h.
627 913 799 974 Postumius
814 914 853 973 de
868 911 1022 974 Lusitanis
1036 913 1161 992 aliisque
1176 913 1311 993 ejusdem
1328 915 1409 992 regi-

363 1005 432 1067 onis
462 1001 609 1080 Hispanis
645 1000 852 1082 triumphavit.
888 1002 915 1038 ²⁸
931 999 1136 1079 quadraginta
1171 1000 1267 1060 millia
1303 1001 1411 1080 pondo

363 1091 483 1172 argenti
506 1085 557 1148 Τι.
571 1085 727 1147 Gracchus
740 1086 907 1164 transtulit,
921 1087 1027 1166 uiginti
1049 1085 1146 1146 millia
1160 1085 1299 1147 Albinus.
1343 1084 1411 1146 ,ui-

365 1178 469 1238 litibus
491 1172 670 1235 ”denarios
684 1173 793 1254 quinos
807 1173 941 1248 vicenos,
968 1173 1080 1253 duplex
1095 1173 1275 1250 centurioni,
1297 1173 1411 1254 triplex

364 1261 461 1343 equiti
486 1260 579 1322 ambo
594 1259 779 1321 diuiserunt:
803 1260 894 1321 sociis
910 1259 1113 1336 tantumdem,
1128 1273 1275 1342 quantum
1291 1258 1409 1320 Roma·

363 1348 422 1411 nis.
466 1345 524 1408 Per
538 1345 664 1408 eosdem
677 1346 755 1408 forte
769 1346 835 1407 dies
850 1344 897 1406 hl.
911 1345 1020 1408 Junius
1035 1347 1140 1407 consul
1155 1368 1194 1422 ex
1209 1344 1298 1406 lstria
1312 1347 1409 1407 conri-

364 1435 479 1497 tiorum
493 1454 602 1495 caussa
614 1431 746 1494 Ronram
759 1433 854 1494 venit.
876 1431 955 1495 Eum
966 1454 1059 1516 quum
1068 1433 1099 1494 in
1109 1447 1216 1495 senatu
1229 1433 1410 1513 fatigassent

363 1521 653 1602 interrogationibus
679 1520 791 1582 tribuni
806 1519 904 1602 plebis
931 1519 1066 1602 Papirius
1086 1533 1118 1581 et
1141 1519 1275 1581 Licinius
1291 1521 1329 1580 de
1353 1521 1412 1596 his,

364 1629 432 1690 qua
446 1609 478 1669 in
494 1606 583 1668 lstria
596 1619 700 1669 essent
721 1619 802 1685 acta,
818 1607 849 1668 in
865 1607 1044 1667 concionem
1058 1627 1178 1690 quoque
1193 1608 1413 1688 produxerunt.

362 1695 416 1758 Ad
430 1715 496 1776 qua
517 1715 609 1776 quum
625 1694 743 1771 consul,
765 1695 824 1754 ‘se
840 1693 905 1754 dies
920 1714 981 1754 non
998 1692 1065 1774 plus
1079 1693 1222 1754 undecim
1238 1694 1269 1753 in
1285 1713 1322 1753 ea
1337 1713 1408 1774 pro·

363 1781 548 1864 ‘provincia
561 1777 675 1857 fuisse,'
685 1779 898 1862 responderem
922 1779 1013 1860 ‘quae
1028 1800 1060 1840 se
1076 1780 1200 1840 absente
1215 1791 1285 1839 acta
1299 1791 1414 1856 essent,

363 1869 376 1902 ‘
389 1887 567 1952 aequoque,
581 1880 617 1928 ut
630 1867 710 1943 illos,
731 1867 815 1927 fama
829 1877 988 1946 comperta
1002 1865 1114 1926 habere
1124 1864 1146 1942 ς’
1169 1867 1411 1947 exsequebantur

365 1953 477 2016 deinde
492 1963 670 2034 quarentes,
696 1952 801 2022 ‘Quid
817 1952 859 2012 ita
875 1971 936 2012 non
952 1951 1054 2033 potius
1073 1952 1112 2012 A.
1128 1949 1262 2012 {tlaulius
1279 1951 1411 2012 Romam

364 2040 532 2116 ‘venisset,
555 2051 591 2100 ut
617 2038 769 2100 rationem
794 2037 936 2098 redderet
966 2038 1081 2119 populo
1111 2037 1263 2116 Romano,
1291 2059 1344 2098 eur
1373 2058 1413 2098 ex

364 2124 493 2187 ‘Gallia
507 2125 674 2207 prouincia,
690 2145 781 2206 quum
796 2125 921 2186 sortitus
937 2137 1027 2201 essct,
1043 2126 1074 2185 in
1091 2122 1212 2186 lstriam
1229 2123 1411 2185 transisset?

365 2212 548 2295 ‘²⁸quando
570 2211 604 2273 id
618 2211 732 2272 bellum
753 2223 875 2272 senatus
891 2210 1083 2289 decrevisset,
1106 2211 1276 2293 quandoid
1299 2211 1412 2271 bellum

366 2300 522 2384 ‘populus
536 2297 694 2360 Romanus
716 2295 876 2379 jussisset?
912 2296 967 2374 At,
984 2295 1126 2376 Hercule,
1145 2299 1263 2380 privato
1288 2298 1413 2378 quidem

366 2388 378 2420 ‘
393 2387 521 2448 consilio
537 2385 651 2445 bellum
666 2397 840 2466 susceptum
852 2403 929 2460 esse,
944 2383 998 2445 sed
1013 2395 1131 2464 gestum
1146 2385 1310 2466 prudenter
1325 2383 1414 2444 forti-

368 2473 381 2506 ‘
395 2483 512 2552 terque.
536 2468 647 2546 lmmo,
655 2481 758 2530 utrum
771 2483 945 2550 susceptum
957 2471 998 2531 sit
1012 2471 1151 2550 nequius,
1164 2491 1202 2530 an
1215 2470 1414 2532 inconsultius

367 2559 528 2639 ‘gestum
559 2555 619 2618 dici
642 2577 705 2617 non
729 2577 829 2640 posse.
861 2556 1016 2618 Stationes
1032 2556 1107 2618 duas
1132 2558 1351 2638 necopinantes
1374 2556 1415 2617 ab

369 2644 481 2707 ‘Istris
504 2646 675 2726 obpressus,
701 2656 802 2704 castra
826 2642 965 2705 Romana
988 2654 1089 2725 capte,
1119 2646 1146 2683 ⁸⁹
1159 2644 1241 2723 qnod
1266 2643 1414 2724 pediturn,

369 2732 476 2814 ‘quod
493 2731 629 2812 equitum
653 2730 683 2790 in
700 2731 807 2791 castris
822 2730 921 2791 fuerit.
946 2740 1063 2791 ceteros
1078 2730 1208 2792 inermes
1229 2729 1416 2809 ³⁰frrsosque‚

369 2820 469 2880 ‘ante
494 2838 601 2879 omnes
627 2817 783 2878 consulem
809 2816 919 2899 ipsum,
945 2817 984 2877 ud
1009 2800 1092 2877 share
1118 2836 1154 2877 uc
1178 2836 1269 2877 naves
1296 2815 1416 2896 fugisse.

369 2903 550 2967 ‘Privatum
566 2903 716 2965 rationem
732 2902 919 2966 redditurum
942 2923 1046 2965 earum
1062 2922 1159 2965 rerum
1174 2923 1250 2980 csse,
1271 2904 1416 2983 quoniam

370 2992 501 3054 ‘consul
516 2989 682 3076 noluisset?

414 3078 501 3140 Vlll.
533 3078 668 3143 Comitia
690 3080 800 3143 deiude
825 3082 939 3144 habita.
970 3079 1107 3145 consules
1131 3078 1236 3154 creati,
1263 3074 1299 3136 C.
1323 3072 1416 3134 Clau·

371 3166 439 3229 dius
466 3164 605 3245 Pulcher,
634 3165 685 3229 li.
711 3165 910 3250 Sempronius
939 3167 1115 3231 Gracchus:
1153 3176 1184 3225 et
1213 3174 1336 3245 postero
1367 3160 1417 3220 die

370 3264 515 3338 praetores
542 3254 627 3331 facti,
651 3253 685 3316 P.
699 3251 801 3316 AElius
827 3253 950 3317 Tubero
976 3257 1098 3329 iterum,
1114 3249 1150 3313 C.
1166 3248 1326 3321 Quinctius
1346 3244 1416 3306 Fla-

372 3341 514 3421 mininus,
544 3339 581 3404 C.
611 3339 779 3420 Numisius,
810 3345 834 3381 ³¹
858 3340 915 3403 C.¹
949 3341 1129 3416 hlummim,
1167 3336 1225 3398 Cn.
1260 3332 1420 3395 Cornelius

562 3500 573 3530 μ
762 3467 769 3501 ¹
785 3466 812 3515 C.
822 3468 838 3515 l.
848 3466 877 3513 1.
889 3466 957 3514 Creu.
969 3466 1030 3527 Rup.

372 3574 491 3625 thesauros
523 3572 673 3632 Rhodiorum,
698 3588 794 3637 quorum
829 3586 882 3619 cum
947 3568 968 3603 ἲ)
986 3566 1049 3620 Quod
1068 3566 1175 3625 prditum,
1198 3560 1254 3623 pini
1269 3560 1372 3635 ¹epulum
1396 3560 1420 3604 iu

372 3640 460 3689 Perseo
478 3640 575 3689 amicitia
590 3652 693 3703 suspecta
709 3642 758 3703 jum
779 3638 807 3684 iis
826 3646 882 3683 erat.
912 3634 988 3681 castris
1001 3628 1089 3719 [ruerit]
1120 3628 1219 3675 Videtur
1241 3626 1305 3701 udum
1328 3624 1421 3699 debere,

374 3706 407 3754 Et
428 3722 453 3755 rc
475 3708 567 3769 quidem
587 3720 642 3753 uera
660 3706 721 3752 idem
740 3712 819 3748 ructor
838 3712 883 3761 est,
911 3712 995 3745 cousin.
1028 3695 1106 3742 Nemo
1122 3694 1184 3741 enirn
1198 3702 1277 3755 captus
1295 3704 1317 3735 ur
1337 3700 1419 3765 castris

373 3770 456 3833 Legat.
467 3772 508 3820 61.
519 3772 613 3834 Lycios,
622 3769 661 3831 qui
667 3771 716 3831 jam
726 3766 778 3813 victi
787 3766 881 3827 requie·
913 3778 961 3809 esse
972 3762 1056 3811 dicitur
1066 3775 1133 3825 suprs
1144 3774 1165 3807 c.
1175 3760 1199 3805 2.
1215 3756 1259 3803 Sed
1270 3754 1305 3801 hl.
1319 3755 1421 3829 linimus

373 3836 608 3885 verantllbodiorum
628 3831 823 3896 imperiis‚sudiro
835 3830 883 3877 llo·
915 3828 997 3875 Strabo
1017 3843 1070 3876 cum
1089 3825 1158 3873 trium
1175 3823 1289 3882 signorum
1312 3820 1423 3893 uuluibur

373 3914 495 3949 manorum
520 3915 628 3965 responso
648 3912 726 3945 rursus
747 3896 882 3943 tumultuari
916 3910 998 3946 cresus.
1026 3892 1152 3951 ,Nisisorte
1163 3888 1201 3936 hic
1219 3886 1357 3944 intelligendi
1368 3894 1423 3930 sunt

375 3966 512 4081 toepiu‘p.d
557 4032 563 4043 '
644 4029 674 4077 Ἠ.
752 4026 760 4073 ι
850 4026 880 4088 Γ]
915 3956 973 4073 puppi
983 3958 1060 4071 pelini
1079 3954 1202 4010 incastris,
1218 3966 1314 4014 quorum
1333 3950 1422 3997 mentio

469 4046 482 4074 u
514 4047 561 4075 rani
745 4042 867 4073 conruens
966 4058 972 4071 .
1000 4058 1007 4071 .

373 4093 470 4143 Marcus
483 4039 744 4143 “noitiiiesmidihilili
797 4066 883 4153 liguo
945 4088 968 4123 ³⁰
992 4085 1111 4151 Frrsoupu]
1138 4085 1238 4147 Sparsos,
1258 4080 1321 4157 nullo
1343 4078 1423 4155 ordine

374 4160 455 4206 millia.
472 4158 563 4206 utarcas
572 4158 660 4206 31250.
913 4152 1045 4201 dilabentes.
1077 4154 1121 4199 sic.
1134 4150 1149 4196 l.
1162 4162 1190 4197 11.
1201 4164 1222 4196 c.
1235 4148 1273 4194 54.
1291 4146 1352 4191 saur
1367 4158 1423 4191 acret

407 4222 428 4259 Ω
445 4220 552 4269 Deum-ios
572 4222 646 4281 prium
666 4220 758 4282 circitor]
777 4220 883 4285 Amplius
904 4220 1019 4281 ,siruditur
1036 4220 1091 4266 duca
1112 4218 1185 4262 occiso.
1226 4212 1257 4257 Et
1280 4210 1362 4283 Cicero
1382 4222 1424 4282 pro

375 4298 454 4335 ternas
465 4288 543 4334 rincias
552 4285 639 4345 argenti
649 4298 770 4333 nostrates.
914 4284 1002 4340 Sestio,
1011 4298 1034 4332 n.
1047 4281 1142 4345 ulfus
1153 4293 1191 4339 per
1201 4290 1265 4337 agros
1274 4290 1300 4319 ac
1308 4274 1405 4332 dispersi.

407 4352 431 4387 ⁹⁸
457 4350 551 4405 Quando
566 4351 590 4396 s't
608 4348 687 4395 bellum
703 4360 790 4399 erratur
808 4351 883 4398 dorre-
946 4346 967 4381 ³¹
992 4345 1022 4395 L.
1041 4342 1173 4404 Mummius]
1191 4341 1323 4388 l'roeuorneu
1343 4336 1426 4383 alterat

374 4418 446 4475 ‘lutis
458 4418 543 4479 ttfflndv
559 4414 584 4462 ld
599 4412 677 4460 bellum
695 4414 798 4477 populus]
818 4414 882 4463 Mala
914 4409 937 4457 in
955 4413 1025 4475 prima
1045 4412 1153 4460 editione.
1170 4404 1243 4463 Vulgo
1261 4417 1321 4449 nunc
1334 4401 1425 4477 'legitur

374 4478 612 4549 proiectoiterrturid
621 4476 708 4526 bellum.
728 4480 795 4528 'l'olle
806 4480 880 4542 ingre·
915 4474 942 4524 C.
955 4478 1086 4525 illummius.
1118 4470 1164 4521 Sed
1184 4478 1279 4518 vocatur
1291 4466 1320 4516 L.
1334 4468 1389 4512 mira
1401 4482 1425 4541 p.

374 4564 423 4602 ram
433 4546 602 4613 repetitionem,
611 4557 703 4594 auctore
715 4542 840 4596 Gronovio.
914 4544 936 4593 9.
949 4553 973 4591 et
989 4558 1055 4608 supra
1074 4542 1090 4591 Ι.
1111 4548 1225 4589 xxnvur.
1244 4551 1265 4587 c.
1277 4536 1317 4583 54.
1334 4543 1443 4580 menno·
