3184 5225
492 365 658 427 LIBROR.
677 368 852 427 DEPERD.
1091 366 1095 378 '
1148 374 1211 435 223.

159 524 266 578 contra
280 514 437 589 Rornanos,
459 520 591 579 adcitum
606 521 637 578 in
648 521 765 597 finibus
780 520 931 592 baberent,
949 522 1055 581 bellum
1068 524 1215 583 indicere·

161 603 222 653 tur.
268 595 495 657 Contradicente
509 598 548 657 P.
568 598 702 658 Corrielio
717 600 841 669 Nasica,
856 600 985 678 placuit,
1008 602 1120 677 leqatos
1132 604 1217 661 mitti

160 672 390 750 Karrtaqinen,
414 676 468 755 qui
493 676 726 755 specularentur,
754 680 828 756 quid
853 688 1002 754 operetur.
1060 681 1217 757 Castiqato

158 760 267 811 senatu
290 752 596 831 Kartbaqiniensium,
619 757 698 833 quod
718 765 823 815 contra
837 756 942 833 fadus
963 759 1166 816 etenercitum
1185 768 1220 817 et

123 850 133 861 ·
158 830 283 889 nauales
295 834 438 891 materias
452 833 603 904 baberent,
615 853 719 911 pacem
740 836 820 891 inter
841 854 888 893 eos
909 844 939 893 st
953 834 1146 895 Masinissam
1158 836 1215 911 fa·

159 928 226 968 cere
247 910 414 981 uoluerunt,
437 909 601 972 Masinissa
621 930 705 989 apro,
728 915 764 969 de
785 932 842 993 qno
865 914 903 971 lis
924 921 1001 984 erat,
1022 903 1151 972 cedente.
1166 917 1218 973 sed

163 986 267 1065 Gisqo,
281 987 466 1048 Hamilcaris
478 990 580 1066 filius,
595 990 676 1048 bomo
697 992 866 1061 seditiosus,
887 992 940 1069 qui
964 999 1033 1049 tunc
1053 994 1085 1049 in
1106 995 1217 1068 maqis-

160 1074 247 1123 tratu
260 1075 337 1137 erat,
352 1086 440 1146 quum
454 1076 572 1129 secatus
582 1071 755 1147 pariturum
769 1088 799 1127 se
812 1070 931 1149 judicio
954 1070 1062 1147 leqatis
1080 1071 1216 1141 dixisset,

158 1145 207 1201 ita
221 1144 328 1202 bellurn
340 1147 482 1205 aduersus
503 1146 648 1207 Ronmnos
671 1149 821 1206 suadendo
842 1148 1014 1218 concitauit,
1035 1156 1070 1205 ut
1092 1149 1217 1225 Zapatas,

160 1225 327 1300 quominus
341 1225 536 1295 violarentur,
547 1227 631 1303 suqa
644 1226 831 1304 explicuerit.
873 1226 914 1283 ld
924 1227 1108 1297 nunciantes,
1123 1228 1216 1303 infes-

162 1308 225 1357 tum
230 1302 300 1378 jam
312 1311 446 1361 senatum
459 1303 771 1382 Korlbaqinieusibus,
784 1305 967 1380 infestiorem
972 1304 1125 1379 fecerunt.
1155 1304 1215 1367 .M.

132 1419 136 1427 -
162 1378 291 1439 Porcius
320 1381 394 1439 Cato
407 1382 485 1458 filii,
510 1384 542 1439 in
562 1392 697 1461 pratura
721 1383 841 1453 mortui,
857 1382 956 1458 funus
980 1383 1159 1454 tenuissimo,
1180 1393 1219 1442 ut

160 1457 271 1529 ualuit,
295 1460 402 1530 (⁷nam
421 1480 537 1539 pauper
558 1466 643 1537 erat)
665 1469 763 1519 sumtu
779 1460 870 1535 fecit.
911 1461 1087 1530 Andriscus,
1112 1462 1164 1538 qui
1185 1480 1229 1531 se¹

162 1535 270 1595 Persei
276 1537 391 1612 fllium,
406 1540 485 1615 repis
498 1542 644 1617 quondam
659 1540 851 1610 Macedonia,
866 1539 985 1615 inqenti
994 1539 1216 1597 adseueratione

159 1616 347 1687 mentiretur,
360 1616 483 1675 Roaiam
495 1619 610 1677 missus.
646 1616 692 1673 M.
705 1616 848 1675 AEmilius
862 1617 1002 1694 lepidus,
1014 1619 1066 1695 qui
1075 1618 1218 1693 princeps

161 1702 282 1753 senatus
295 1692 353 1752 'ab
368 1697 459 1753 sentis
469 1696 538 1771 jam
559 1694 725 1755 censoribus
744 1705 811 1754 erat
833 1695 935 1765 lectus,
946 1703 1105 1774 antequam
1117 1695 1217 1772 euspi-

159 1780 256 1841 raret,
274 1774 418 1851 pracepit
432 1774 524 1850 filiis,
548 1776 624 1834 lecto
637 1792 667 1832 se
680 1782 777 1833 strato
791 1775 854 1832 sine
868 1774 979 1844 linteis,
998 1776 1060 1831 siae
1077 1790 1216 1850 purpura

160 1848 324 1925 efferrents
345 1853 377 1908 in
390 1852 536 1930 reliquum
548 1854 647 1929 sunus
667 1850 725 1909 ¹ne
734 1853 816 1930 plus,
829 1870 918 1929 quam
939 1853 1007 1909 aris
1028 1853 1126 1920 denos,
1148 1870 1217 1909 con·

159 1936 326 1987 sumerent:
350 1930 510 2006 imaqinum
523 1932 628 2011 specie,
639 1950 697 1987 non
710 1929 864 2000 sumtibus,
877 1928 1033 1987 nobilitari
1044 1948 1217 2005 maqnorum
1323 1951 1326 1956 ·

158 2006 292 2063 uirorum
304 2008 421 2083 funera
435 2010 536 2067 solere.
578 2009 627 2066 De
648 2009 796 2084 ueneficiis
817 2009 981 2085 quesitum.
1023 2007 1166 2064 Publicia
1186 2016 1217 2064 et

161 2083 292 2154 Licinia,
314 2086 425 2145 nobiles
438 2088 572 2163 femina,
595 2106 658 2165 qua
681 2084 789 2145 ¹⁰viros
815 2105 882 2145 suos
908 2085 1075 2145 consulares
1099 2103 1217 2143 necasse

158 2162 422 2233 insimulabantur,
443 2168 562 2243 coqnita
583 2184 699 2235 caussa,
724 2169 744 2201 ¹¹
756 2184 846 2243 quum
862 2166 987 2243 pretori
1003 2183 1062 2298 pro
1082 2182 1113 2221 se
1126 2164 1218 2222 uades

160 2240 321 2311 dedissent,
336 2250 526 2319 coqnatornm
544 2245 661 2303 decreto
673 2251 784 2302 necata
798 2252 876 2301 sumt.
919 2242 939 2275 ¹²
955 2241 1002 2299 Gu
1015 2260 1095 2309 ussa,
1117 2240 1218 2301 Masi·

158 2319 246 2376 nisse
263 2321 365 2395 filins,
391 2322 592 2392 denunciavit,
620 2322 810 2397 Kartbaqine
840 2321 971 2379 delectus
1000 2321 1063 2395 aqi,
1095 2318 1217 2377 classem

158 2400 340 2474 comparari,
354 2406 384 2455 et
398 2398 480 2457 baud
492 2400 613 2457 dubium
627 2400 734 2457 bellum
748 2402 835 2457 strui.
865 2400 961 2466 Qum
978 2398 1052 2457 Cato
1066 2398 1216 2467 suaderet,

157 2483 196 2531 ut
217 2476 257 2532 iis
279 2474 385 2533 bellum
412 2478 604 2546 indiceretur,
630 2478 669 2535 P.
696 2478 830 2535 Cornelio
856 2478 968 2535 Nasica
991 2477 1117 2544 dicente,
1139 2475 1219 2531 nibil

159 2560 268 2609 temere
274 2553 468 2629 faciundum,
483 2556 613 2634 placuit,
627 2558 724 2615 mecm
736 2558 819 2614 mitti
833 2556 946 2632 leqatos
960 2553 1155 2631 exploratum.
1178 2551 1215 2612 l..

160 2630 297 2690 Licinius
318 2633 471 2702 Lucullus,
497 2635 534 2690 A.
559 2634 729 2692 Postumius
751 2634 879 2692 Albinus
892 2633 1033 2701 consules,
1055 2652 1143 2710 quum
1164 2632 1217 2687 de-

160 2709 269 2767 lectum
287 2729 385 2769 seuere
405 2719 538 2784 opereat,
562 2729 614 2767 nec
634 2731 808 2787 quemquam
831 2713 937 2786 qratia
957 2713 1152 2779 dimitterent,
1177 2709 1216 2766 ab

161 2785 289 2845 tribunis
308 2786 417 2864 plebis,
442 2787 495 2862 qui
511 2805 569 2863 pro
590 2789 692 2846 amicis
706 2789 767 2846 suis
781 2791 965 2845 uacationem
984 2790 1146 2863 impetrare
1159 2805 1216 2844 non

155 2873 309 2946 poterant,
323 2865 354 2922 in
367 2883 514 2924 carcerem
527 2864 651 2941 conjecti
665 2874 742 2924 sunt.
777 2866 872 2934 Qum
886 2865 1083 2944 Hispaniense
1097 2863 1216 2936 bellum,

193 3063 205 3102 7
222 3061 281 3111 Nam
296 3079 383 3126 pauper
399 3062 459 3126 unt]
478 3063 550 3114 Haud
569 3063 670 3112 itePlu·
702 3066 768 3121 rirus,
783 3064 829 3127 qui·
841 3064 886 3112 hoc
904 3065 972 3122 libro,
987 3081 1009 3114 c.
1029 3066 1067 3113 10.
1087 3064 1145 3112 nihil
1156 3067 1213 3115 deii·

160 3127 264 3186 tarohus,
282 3131 321 3192 qui
343 3129 456 3177 Catonem
477 3130 609 3191 colligendus
628 3145 671 3193 pe·
702 3129 778 3192 niens,
788 3131 893 3178 medimna
901 3132 1017 3192 pecuniam
1027 3129 1052 3176 in
1063 3131 1134 3177 sunus
1146 3147 1215 3180 suurn

162 3194 238 3242 eunies
263 3194 452 3243 studiosissimum
476 3195 546 3244 fuisse
567 3194 671 3250 sffirmst,
703 3195 909 3258 consumiJ‘ussisse
919 3195 1031 3260 Lepidum
1042 3195 1106 3243 dicit.
1163 3220 1167 3228 ·

159 3271 205 3306 use
216 3257 479 3310 muleeiremccssisse.
512 3259 670 3308 Eumvideiu
737 3259 759 3292 ¹⁰
789 3259 850 3306 Viros
874 3276 923 3307 ruas
949 3259 1081 3320 mambres]
1121 3258 1215 3307 necuit

160 3321 216 3372 Cat.
228 3323 290 3388 Msj.
703 3324 835 3372 Gronovius
845 3339 859 3371 e
869 3324 942 3372 rrilnn
952 3324 1025 3371 MSS.
1036 3339 1119 3373 vocem
1136 3339 1215 3370 mmsi-

196 3387 208 3420 ⁸
223 3388 259 3434 Ab
279 3391 340 3438 extu
348 3391 401 3451 jum
418 3387 549 3450 oenmbus]
576 3387 672 3438 Addidit
703 3389 767 3436 lares.
799 3389 859 3435 Sane
876 3388 935 3436 alter
952 3403 982 3437 ex
998 3389 1026 3435 iis
1042 3387 1068 3434 L.
1083 3389 1216 3436 Postumius

160 3451 268 3514 Sigonius
275 3455 409 3518 particulam
420 3455 461 3502 ab:
478 3469 525 3504 non
536 3455 586 3503 sine
597 3469 672 3512 causa,
703 3453 982 3528 cumuletumssesserat.
1024 3451 1070 3500 Sed
1092 3453 1215 3502 Clsudiuns

160 3527 324 3646 ”¹⁹PMlmpMss
341 3599 407 3646 quusi
426 3587 475 3633 eris
485 3583 560 3648 simos]
576 3582 672 3631 Summa
702 3518 826 3642 ἓξὲξ,
832 3519 916 3632 Miller.
922 3517 1047 3644 bbulilljllls
1056 3535 1117 3633 1le
1139 3530 1215 3568 mm

159 3649 257 3698 ridicule
266 3650 356 3712 erigus.
372 3649 507 3700 Denienim
517 3649 672 3707 uriuetismsi
738 3649 758 3681 ¹¹
776 3647 852 3702 Quum
859 3651 950 3711 pratori
964 3650 1046 3709 prada
1062 3652 1166 3712 rudesque
1173 3651 1215 3698 ds·

159 3729 228 3779 grsre
238 3730 270 3762 sus
286 3714 435 3776 intelligutur,
451 3727 542 3779 oequuat
553 3714 672 3763 denirium
704 3712 793 3776 dissent]
820 3713 933 3762 Observrt
951 3714 1082 3763 Gronovius
1099 3715 1156 3761 nihil
1175 3714 1215 3762 hic

159 3780 378 3836 unumsircuuum
387 3781 586 3844 argeutigrorsum
603 3780 672 3829 Unus
704 3779 819 3892 praedibus
835 3796 892 3844 opus
909 3795 967 3828 esse.
999 3779 1090 3827 Proedes
1107 3779 1169 3827 euim
1189 3779 1216 3826 in

159 3843 217 3892 MS.
233 3855 294 3895 teste
314 3845 430 3895 Gronovio
447 3847 518 3894 habet
535 3847 584 3892 aris
598 3846 672 3906 dena,
714 3845 745 3894 ite
756 3846 893 3902 nummis,
901 3845 1005 3894 rudesin
1022 3861 1049 3893 re
1067 3844 1157 3908 capituli
1174 3845 1214 3892 ds·
1321 3841 1327 3852 ’

160 3911 224 3957 unde
244 3910 378 3959 facillimum
400 3911 478 3960 estid
499 3911 592 3958 efficere
612 3912 672 3974 quod
704 3910 794 3960 buntur.
829 3910 1211 3974 ltaqueexvsriisdepruvstsruns

159 3972 278 4031 Pithoeur,
288 3988 430 4026 memorante
442 3976 555 4033 Hesrnio,
565 3974 671 4039 conjece·
704 3977 728 4023 in
759 3976 832 4026 MSS.
864 3977 991 4025 lectionum
1017 3975 1115 4037 uoetigiis
1140 3975 1213 4024 unias

158 4049 206 4098 rur,
220 4041 362 4089 vndecies:
385 4043 428 4092 uisi
444 4041 671 4104 quodsuucsumms
704 4041 877 4091 emendationes
902 4053 997 4091 rentst:
1032 4056 1128 4104 quarm
1162 4040 1214 4092 hac

158 4119 207 4154 uon
235 4109 403 4156 contemnenda
429 4107 539 4167 euurgit.
586 4106 671 4156 Decies
701 4109 801 4156 maxime
812 4109 925 4172 perspicui
938 4115 1018 4156 seusus
1031 4123 1080 4155 esse
1096 4106 1162 4155 nobis
1178 4107 1214 4154 vi-

135 4172 222 4218 ·euim
251 4183 348 4220 censeas
370 4175 454 4222 assium
476 4171 557 4230 millis,
581 4173 669 4222 etiamsi
702 4174 783 4222 detur:
804 4181 1000 4249 quumqpraetore
1018 4175 1055 4221 die
1073 4173 1133 4220 dieta
1148 4171 1214 4220 rudes

158 4235 317 4297 intelligentur
337 4239 439 4301 vulgares
460 4246 512 4287 tum
535 4253 606 4300 usses,
630 4239 669 4301 qui
701 4241 815 4287 dedissent.
832 4237 1189 4298 SedululongiussbiteMSS.

139 4327 142 4332 ·
159 4301 264 4349 sonideni
280 4303 304 4352 in
321 4305 440 4353 denarium
459 4302 671 4362 contribuebsntur,
735 4303 756 4336 ¹⁹
781 4302 878 4350 Gulussa
892 4338 899 4351 .
911 4338 917 4351 .
929 4337 937 4352 .
948 4305 1096 4359 denunciavit,
1116 4301 1212 4350 Cumia-

159 4379 252 4428 equam
262 4369 366 4418 denarios
377 4371 466 4418 62500.
483 4383 571 4416 marcus
582 4372 670 4430 ementi
699 4370 752 4429 gine
763 4369 858 4416 deteans
866 4367 916 4431 ogs]
932 4367 1020 4418 Melius
1035 4369 1141 4418 Pithoeus
1152 4367 1212 4433 apud
1306 4428 1308 4432 ι

156 4441 275 4482 nostrates
285 4435 341 4484 976.
352 4435 431 4483 uncins
442 4438 466 4484 4.
484 4435 624 4482 semunciam
646 4437 668 4486 l.
700 4433 833 4484 Heunium
846 4437 966 4483 nunciavit.

158 4493 283 4551 imitemur
299 4513 391 4554 mutum
407 4499 559 4552 Freinshemii
576 4502 667 4550 modes-
