3184 5225
371 370 428 427 in
626 314 633 323 ⁸
791 364 997 427 mr1nvu
1076 326 1079 331 ’

206 541 280 591 inc,
291 544 347 597 58⁴.
374 522 558 584 inmemores
572 520 688 583 fecerat
701 520 847 602 sequendi
862 520 989 602 equites.
1032 518 1094 581 Diu
1111 519 1245 602 phalanx
1265 541 1286 583 a
1308 518 1419 598 fronte,

211 606 282 661 luc·
294 607 347 664 1⁶⁸·
375 629 395 670 a
415 609 570 685 lateribus,
596 608 636 667 ab
657 620 743 688 tergo
764 627 842 667 caesa
867 619 932 668 est:
960 617 1124 688 postremo,
1151 608 1261 687 quiex
1285 606 1419 668 hostium

374 696 514 757 manibus
543 692 638 774 elapsi
661 704 760 769 erant,
785 693 915 753 inermes
937 692 977 753 ad
1000 712 1081 754 mare
1106 694 1269 773 fugientes,
1296 692 1419 773 quidam

377 800 485 860 aquam
510 780 603 841 etiarn
625 779 762 861 ingressi,
784 798 893 840 manus
918 779 957 839 ad
980 800 1045 857 eos,
1072 780 1124 860 qui
1147 780 1179 839 in
1202 780 1298 839 classe
1322 790 1421 857 erant,

374 865 547 942 tendentes,
566 864 741 947 suppliciter
756 866 851 926 vitam
865 866 1012 926 orabant:
1037 875 1068 926 et
1082 886 1174 947 quum
1190 865 1319 946 scaphas
1343 884 1418 926 con·

376 971 494 1013 currere
516 951 649 1032 undique
675 951 714 1010 ab
736 952 861 1012 naribus
884 963 1052 1028 cernerent,
1068 951 1107 1013 ad
1133 950 1329 1033 excipiendos
1353 970 1420 1014 sese

265 1088 272 1095 .
376 1038 478 1098 venire
497 1038 565 1114 rati,
591 1048 626 1098 ut
639 1047 781 1117 caperent
796 1037 908 1118 potiu's,
934 1056 1024 1120 quarn
1039 1036 1226 1115 occiderent,
1250 1037 1370 1117 longius
1386 1037 1418 1097 in

376 1142 499 1202 aquam,
519 1124 643 1203 quidam
662 1124 755 1183 etiam
774 1134 925 1199 natantes,
949 1124 1098 1205 progressi
1123 1134 1203 1185 sunt.
1248 1120 1310 1185 Sed
1325 1142 1417 1203 quum

378 1208 527 1270 hostiliter
545 1230 562 1269 e
581 1209 702 1290 scaphis
725 1208 918 1285 crederentur,
949 1219 1040 1284 retro,
1063 1210 1114 1289 qui
1138 1220 1288 1291 poterant,
1313 1208 1417 1269 nando

376 1306 550 1375 repetentes
575 1306 698 1371 terram,
724 1295 757 1354 in
783 1294 874 1355 aliam
900 1294 1058 1356 foediorem
1085 1305 1203 1375 pestem
1231 1294 1420 1356 incidebant.

273 1379 278 1387 '
377 1379 532 1461 elephanti
547 1380 642 1455 enirn,
665 1382 704 1441 ab
718 1380 885 1441 rectoribus
901 1380 940 1441 ad
955 1380 1027 1441 litus
1043 1382 1114 1457 acti,
1137 1392 1281 1443 exeuntes
1297 1382 1419 1443 obtere-

376 1464 451 1527 bant
466 1466 689 1546 elidebantque.
734 1464 835 1527 Facile
856 1467 1065 1545 conveniebat,
1089 1466 1236 1528 Romanis
1251 1486 1418 1547 numquam

222 1621 227 1632 ,
289 1592 295 1605 ·
341 1590 352 1604 ·
376 1570 438 1613 una
455 1552 521 1612 acie
546 1563 666 1613 tantum
686 1549 892 1613 Macedonum
918 1552 1119 1613 interfectum.
1164 1551 1249 1615 Caesa
1272 1554 1354 1615 enim
1378 1552 1419 1615 ad

236 1637 243 1666 ²
261 1684 268 1695 .
339 1660 346 1675 ·
375 1637 483 1717 viginti
498 1637 594 1698 millia
608 1637 765 1698 hominum
780 1650 872 1698 sunt:
898 1636 938 1697 ad
961 1658 1013 1697 sex
1029 1638 1134 1715 millia,
1160 1638 1210 1719 qui
1226 1638 1363 1723 Pydnam
1379 1658 1418 1701 ex

377 1724 443 1785 acie
462 1723 666 1805 perfugerant,
690 1723 748 1782 vivi
773 1723 804 1783 in
820 1734 1003 1803 potestatem
1020 1736 1242 1805 pervenerunt:
1270 1736 1303 1787 et
1316 1726 1385 1805 vagi
1400 1746 1418 1785 e

377 1810 451 1890 suga
465 1809 597 1889 quinque
620 1808 716 1867 millia
732 1808 889 1868 hominum
904 1819 1004 1890 capta.
1047 1808 1095 1871 Ex
1109 1810 1275 1871 victoribus
1298 1812 1418 1873 cecide·

376 1907 447 1957 runt
460 1916 522 1955 non
545 1894 612 1976 plus
635 1904 770 1969 centum,
793 1904 826 1954 et
849 1914 952 1955 eorum
977 1893 1072 1956 multo
1093 1894 1191 1977 major
1206 1917 1274 1978 pars
1291 1896 1419 1977 Peligni.

374 1981 523 2043 vulnerati
550 1980 707 2060 aliquanto
729 1979 829 2060 plures
850 1989 929 2040 sunt.
972 1978 1065 2065 Quod
1089 1982 1114 2042 si
1130 1983 1275 2043 maturius
1290 1983 1418 2066 pugnari

375 2077 510 2149 coeptum
538 2076 628 2138 esset,
665 2077 699 2125 ut
728 2064 802 2124 satis
829 2064 888 2125 diei
918 2060 1080 2128 victoribus
1112 2068 1152 2127 ad
1178 2070 1418 2149 persequendum

286 2153 289 2157 ’
375 2164 554 2233 superesset,
570 2151 695 2212 delectae
715 2169 820 2211 omnes
842 2151 937 2233 copiae
951 2150 1068 2213 forent:
1095 2173 1174 2214 nunc
1190 2155 1340 2217 inminens
1355 2176 1418 2216 nox

375 2250 408 2299 et
422 2238 572 2319 fugientes
586 2237 675 2314 texit,
696 2249 729 2298 et
742 2234 889 2297 Romanis
904 2237 1055 2319 pigritiem
1077 2239 1116 2301 ad
1140 2242 1327 2321 sequendum
1342 2242 1417 2303 locis

374 2322 488 2406 ignotis
503 2324 583 2386 fecit

208 2398 348 2465 R‘titfw·
416 2409 530 2472 xtlll.
555 2410 678 2471 Perseus
703 2410 744 2471 ad
765 2409 893 2472 Pi'e'riam
917 2411 1022 2475 silvam
1037 2412 1086 2473 via
1109 2413 1244 2489 militari,
1269 2415 1418 2495 frequenti

330 2558 337 2569 ,
374 2498 495 2577 agmine
518 2497 653 2576 equitum
676 2507 709 2556 et
735 2498 819 2579 regio
837 2498 994 2577 comitatu,
1021 2498 1108 2580 sugit.
1152 2497 1250 2563 Simul
1265 2502 1296 2564 in
1311 2501 1417 2563 silvam

372 2596 494 2644 uentum
509 2593 566 2660 est,
588 2581 640 2644 ubi
665 2581 766 2663 plures
789 2582 910 2646 diversa
934 2585 1048 2648 semitae
1062 2598 1159 2664 erant,
1182 2596 1214 2648 et
1228 2606 1290 2648 nox
1306 2587 1417 2670 adpro·

372 2668 560 2750 pinquabat:
589 2688 657 2729 cum
685 2671 844 2750 perpaucis
869 2672 1002 2732 maxime
1026 2671 1093 2733 fidis
1108 2673 1158 2734 via
1177 2673 1298 2736 divertit
1307 2685 1331 2734 ¹.
1372 2673 1416 2735 E-

302 2763 306 2770 “
373 2755 483 2836 quites,
510 2755 575 2816 sine
602 2754 679 2815 duce
704 2754 813 2832 relicti,
837 2757 888 2817 alii
913 2757 973 2818 alia
997 2759 1027 2818 in
1054 2759 1191 2822 civitates
1217 2779 1285 2820 suas
1307 2761 1416 2842 dilapsi

374 2854 464 2903 sunt:
495 2840 638 2922 perpauci
668 2840 739 2901 inde
769 2841 882 2903 Pellam
909 2843 1045 2920 celerius,
1076 2865 1167 2925 quarn
1194 2846 1256 2927 ipse
1281 2845 1418 2924 Perseus,

374 2927 446 3006 quia
466 2929 587 2988 ³⁵reeta
602 2926 745 3007 expedita
758 2928 808 2987 via
822 2928 931 3006 ierant,
953 2945 1166 3011 pervenerunt.
1207 2931 1273 2991 Rex
1293 2931 1334 2992 ad
1349 2952 1416 2992 rne-

373 3011 456 3074 diam
471 3010 564 3074 ferme
578 3025 701 3075 noctem
726 3025 838 3092 terrore
863 3027 895 3076 et
908 3016 997 3076 variis
1015 3015 1238 3079 difficultatibus
1253 3016 1306 3077 n'ae
1320 3036 1416 3078 vexa·

372 3109 422 3159 tus
436 3110 492 3160 est.
536 3099 572 3160 ln
598 3099 681 3180 regia
704 3097 823 3176 Perseo,
846 3101 897 3181 qui
923 3099 1011 3162 Pellae
1035 3113 1170 3184 praeerat,
1192 3101 1305 3163 Euctus
1321 3103 1413 3184 regii·

207 3259 213 3268 ·
321 3237 326 3242 .
372 3204 431 3263 que
447 3185 529 3266 pueri
553 3196 661 3265 praesto
685 3197 780 3246 erant.
804 3198 912 3247 contra
933 3207 970 3247 ea
991 3189 1169 3265 amicorum,
1194 3189 1255 3272 qni,
1277 3189 1329 3250 alii
1355 3190 1416 3252 alio

372 3290 446 3330 casu
468 3271 589 3348 servati,
612 3291 651 3331 ex
669 3272 777 3352 proelio
792 3270 905 3333 Pellam
925 3285 1079 3350 venerant,
1101 3295 1193 3354 quum
1215 3295 1292 3356 saepe
1316 3296 1417 3337 arces-

372 3355 424 3417 siti
447 3368 559 3434 essent,
581 3376 671 3417 nemo
698 3357 738 3418 ad
764 3378 833 3418 eum
848 3357 940 3419 venit.
965 3369 1024 3418 tres
1049 3372 1136 3421 erant
1158 3371 1278 3421 tanturn
1294 3383 1364 3423 cum
1380 3383 1417 3423 eo

372 3439 451 3521 ingre
475 3443 614 3517 comites,
638 3440 779 3504 Evander
802 3442 964 3519 Cretensis,
988 3443 1114 3504 ³⁰Neoy
1136 3443 1286 3523 Boeotius,
1309 3460 1342 3508 et
1355 3447 1415 3510 Ar·

373 3525 531 3587 chidamus
546 3524 681 3605 AEtolus,
704 3549 773 3588 cum
789 3529 836 3606 iis,
854 3527 920 3609 jam
936 3539 1084 3607 metuens,
1107 3551 1156 3608 ne,
1181 3533 1232 3612 qui
1249 3534 1351 3594 venire
1375 3533 1415 3596 ad

373 3631 406 3672 se
435 3613 610 3690 abnuerent,
639 3611 735 3694 majus
764 3612 878 3694 aliquid
904 3636 975 3676 rnox
1002 3615 1157 3695 auderent,
1184 3629 1292 3698 quarta
1316 3619 1421 3700 uigilia

372 3696 518 3780 profugit.
561 3696 666 3760 Secuti
691 3719 760 3759 eum
789 3709 860 3759 sunt
883 3699 1048 3762 admodum
1072 3704 1230 3784 quingenti
1246 3703 1417 3767 Cretenses.

372 3785 498 3864 petebat
516 3783 745 3867 Amphipolim:
773 3783 827 3844 sed
846 3797 937 3847 nocte
961 3786 1077 3848 aPella
1101 3791 1226 3867 exierat,
1249 3811 1417 3874 properans

373 3881 445 3932 ante
468 3871 568 3932 lucem
592 3869 706 3930 Axium
731 3889 853 3932 amnem
876 3871 1026 3953 trajicere,
1049 3896 1117 3936 eum
1140 3875 1233 3938 finem
1259 3877 1418 3957 sequendi,

355 3977 359 3983 ’
371 3967 497 4036 propter
511 3955 721 4016 difficultatem
737 3957 893 4035 transitus,
909 3959 974 4020 fore
988 3971 1071 4020 ratus
1087 3961 1242 4024 Romanis.

415 4037 525 4102 XLIV.
547 4039 723 4120 Consulem,
753 4062 846 4123 quum
873 4065 905 4104 se
932 4046 962 4106 in
990 4058 1090 4106 eastra
1114 4048 1211 4108 victor
1241 4050 1418 4142 recepisset,

371 4144 410 4186 ne
425 4124 542 4187 sincero
557 4127 670 4216 gaudio
682 4127 841 4207 frueretur,
863 4152 936 4192 cura
951 4129 989 4191 de
1004 4132 1120 4194 minore
1141 4133 1204 4196 lilio
1228 4133 1421 4214 stimulabat,

560 4242 760 4293 'desertitssrom
772 4248 843 4296 Creu.
855 4246 917 4312 Rup.
1055 4245 1140 4296 infern
1151 4249 1220 4298 Creu.

399 4345 421 4380 ⁵⁵
438 4342 507 4393 Retio
526 4349 624 4408 &pedite
644 4350 692 4414 tic]
722 4351 786 4413 Lege
806 4353 881 4414 potius
911 4363 936 4402 et
947 4353 1059 4402 fruticetis
1069 4353 1210 4418 impeditam·
1333 4389 1339 4398 ·

368 4422 421 4457 tum
432 4409 558 4468 Gronorio,
571 4422 630 4460 mro
645 4423 666 4462 et
681 4418 778 4478 aporire
787 4420 837 4465 uio:
855 4429 879 4466 et
941 4417 963 4452 ’ὅ
979 4417 1042 4466 Neon
1055 4415 1149 4468 Bouttos
1179 4422 1217 4468 Sic
1229 4421 1302 4472 edidit
1315 4421 1426 4486 Sigonius

366 4476 486 4538 ιφοάἱιαω
504 4478 563 4526 uiam
578 4475 680 4542 intellige
698 4495 745 4530 non
762 4481 879 4534 uberibus
909 4481 1135 4552 exPlurarebqpro
1179 4487 1242 4536 ‘'tiur.
