3184 5225
500 364 579 426 ΜΒ.
598 360 692 425 xtv.
721 366 807 427 CAP.
824 366 892 427 Vll.
1171 379 1230 440 17⁵

174 516 309 579 utram:
337 516 379 578 ibi
407 518 525 579 lembus
550 520 664 581 stabat.
710 516 775 581 Sub
789 540 932 582 occasum
957 521 1029 583 solis
1044 522 1229 602 deferuntur,
1245 534 1278 583 v.
1291 534 1388 585 emat.

177 622 245 684 quae
260 604 302 663 ad
315 624 404 665 usum
428 606 600 667 necessaria
624 616 732 667 erant:
755 605 889 667 defertur
906 620 939 669 et
953 609 1093 689 pecunia,
1115 624 1231 690 quanta
1244 600 1314 650 M·
1329 602 1383 655 ¹⁶⁸·

176 690 259 751 clam
286 690 396 752 deferri
424 703 556 774 poterat.
601 690 670 753 Rex
691 692 755 773 ipse
781 705 874 754 nocte
899 694 1011 771 media,
1037 714 1108 757 cum
1133 697 1230 761 tribua

111 784 116 791 '
176 776 311 837 consciis
325 776 414 858 argo,
434 798 488 859 per
502 778 656 861 posticum
679 778 788 839 adium
813 780 846 839 in
871 780 1073 863 propinquam
1089 783 1230 847 cubiculo

177 861 315 941 hortum,
340 876 432 944 atque
454 865 538 942 inde,
562 866 725 925 maceriam
747 885 826 945 aegre
849 876 1064 947 transgressus,
1090 868 1131 929 ad
1145 890 1229 933 mare

176 950 325 1031 peruenit.
369 950 530 1011 Oroandes
552 950 618 1032 jam
642 962 718 1027 tum,
744 952 875 1013 ²⁷dum¹
894 953 1025 1033 pecunia
1054 953 1230 1034 deferretur,

178 1035 285 1117 primis
302 1037 433 1098 tenebris
457 1038 588 1100 solverat
612 1056 730 1115 aaran,
753 1058 789 1098 ac
812 1058 868 1119 per
890 1038 987 1099 altum
1003 1038 1127 1101 Cretam
1143 1055 1230 1122 peta·

179 1122 242 1183 bat.
288 1120 453 1204 Postquam
483 1124 515 1184 in
543 1136 633 1206 portu
662 1126 746 1185 navis
772 1144 835 1185 non
865 1125 990 1186 inventa
1014 1138 1073 1202 est,
1103 1141 1229 1208 vagatus

178 1205 304 1269 Perseus
330 1209 517 1291 aliquamdiu
540 1211 572 1271 in
591 1210 690 1287 litore,
717 1222 872 1293 postremo
899 1211 1010 1273 tinrern
1036 1212 1136 1275 lucem
1161 1213 1229 1294 jam

177 1294 488 1377 adpropinquantem,
510 1298 543 1358 in
568 1297 735 1379 hospitium
759 1298 857 1359 redire
871 1318 935 1358 non
954 1318 1055 1375 ausus,
1078 1299 1110 1359 iu
1128 1300 1227 1361 intere

176 1382 288 1463 templi
304 1402 400 1465 prope
424 1384 568 1463 angulum
584 1385 745 1445 obscurum
766 1384 899 1445 delituit.
943 1382 1030 1445 Pueri
1053 1385 1128 1465 regii
1144 1384 1227 1467 apud

176 1464 367 1530 Macedonas
395 1472 581 1531 vocabantur
610 1470 781 1552 principum
812 1470 910 1545 liberi,
951 1470 991 1531 ad
1025 1470 1226 1533 ministerium

173 1552 268 1615 electi
298 1556 397 1636 regis:
428 1578 465 1617 ea
491 1557 611 1635 cohors,
642 1566 826 1637 persecuta⁸
855 1578 958 1638 regem
979 1556 1158 1637 fugientem,
1187 1578 1227 1619 ne

174 1649 242 1701 turn
272 1642 396 1724 quidem
419 1643 614 1721 abscedebat,
641 1643 740 1704 donec
757 1641 843 1724 jussu
867 1641 925 1703 Cn.
948 1642 1066 1705 Octavii
1090 1664 1227 1725 pronun·

172 1726 293 1789 clatum
319 1741 365 1791 est
391 1750 444 1811 per
469 1750 652 1811 praeconem,
678 1727 814 1811 ‘Regios
842 1750 953 1811 pueros
979 1727 1381 1811 Macedouoquanutrueu
1470 1786 1473 1793 .

176 1812 291 1891 ‘alios,
313 1815 364 1895 qui
390 1814 599 1877 Samothraca
623 1826 735 1893 essent,
757 1816 782 1876 si
803 1816 968 1877 transirent
991 1817 1032 1877 ad
1058 1814 1227 1894 Romanos,
1240 1813 1367 1917 2⁸¹²&-

175 1898 188 1936 ‘
202 1899 459 1979 incolumitatem,
481 1903 711 1982 libertatemque
727 1912 759 1963 et
773 1922 830 1963 sua
843 1903 948 1963 omnia
961 1913 1141 1980 servaturos,
1162 1923 1227 1984 qua
1239 1948 1290 1980 nos.

176 1985 260 2046 ‘aut
282 2008 386 2049 secum
407 1989 565 2065 haberent,
588 1999 641 2049 aut
661 1988 691 2048 in
708 1986 897 2049 Macedonia
921 1988 1133 2068 reliquissent!
1176 1990 1228 2051 Ad

176 2070 259 2132 hanc
275 2092 382 2135 vocam
407 2075 548 2135 transitio
571 2074 707 2134 omnium
731 2072 815 2134 iacta
831 2085 890 2148 est,
912 2075 1097 2155 nominaque
1113 2074 1228 2137 dabant

173 2156 217 2217 ad
233 2154 271 2218 C.
283 2157 471 2221 Postumium
487 2160 642 2221 tribunum
657 2159 802 2221 militum.
846 2156 972 2220 Liberos
987 2180 1107 2241 quoque
1119 2179 1228 2241 parvos

172 2244 277 2324 regios
297 2243 352 2307 lon
366 2244 649 2307 Thessalonicensis
664 2243 794 2306 Octavio
808 2244 959 2306 tradidit:
983 2266 1041 2305 nec
1056 2246 1227 2325 quisqrtam,

172 2341 284 2411 praeter
302 2329 485 2413 Philippum,
509 2332 676 2392 maximum
698 2342 772 2391 natu
787 2352 805 2392 e
819 2330 899 2407 filiis,
923 2352 994 2392 cum
1008 2352 1080 2413 rege
1094 2331 1227 2393 relictus.
1237 2346 1355 2398 'rrrdnse

172 2412 255 2477 'llum
283 2437 349 2479 sese
374 2417 531 2498 filiumque
557 2416 688 2479 Octavio
713 2418 863 2494 tradidit3
891 2417 1045 2479 fortunam
1071 2416 1227 2499 Deosque,
1238 2427 1288 2463 ¹²¹·

170 2503 341 2583 'liquorum
357 2503 388 2564 in
404 2505 523 2586 templo
533 2516 631 2581 erant,
652 2504 737 2577 nulla
751 2524 810 2585 ope
825 2502 994 2586 supplicem
1005 2502 1158 2584 jurantes,
1172 2526 1225 2567 ac·

171 2608 294 2651 cusans.
338 2588 374 2652 ln
390 2590 561 2673 praetoriam
577 2610 685 2652 ararem
700 2590 805 2672 inponi
817 2588 939 2671 jussus:
961 2590 1070 2652 eodem
1085 2601 1118 2652 et
1131 2612 1224 2672 pecu-

172 2677 236 2752 nia,
260 2697 327 2756 quae
341 2678 501 2758 superfuit,
527 2677 628 2738 delata
652 2689 717 2738 asts
742 2678 958 2758 extemploque
972 2677 1078 2738 claasia
1091 2676 1223 2759 Amphi-

158 2763 269 2843 ,polim
285 2765 407 2846 repetit.
452 2762 528 2825 lnde
543 2762 687 2824 Octavius
706 2783 809 2844 regem
832 2765 863 2824 in
885 2775 987 2825 castra
1005 2763 1046 2824 ad
1065 2764 1223 2825 consulem

173 2849 267 2926 misit,
293 2850 454 2932 premissis
480 2850 584 2929 literis,
611 2861 647 2912 ut
662 2851 693 2910 in
708 2862 864 2932 potestate
887 2870 958 2912 eum
973 2872 1040 2912 ease
1063 2861 1095 2911 et
1110 2850 1223 2912 adduci
1237 2871 1366 2988 Adffim

169 2935 273 2998 sciret.
1236 2939 1264 2984 aa
1332 2939 1351 2981 ‘-

216 3018 288 3084 Vll.
310 3021 483 3085 Secundam
510 3043 578 3084 eam
594 3023 725 3101 Paullus,
749 3024 830 3084 sicut
847 3033 924 3101 erat,
947 3023 1107 3084 victoriam
1129 3004 1302 3101 rotus‚=¹³¹¹²¹·

170 3105 313 3169 victimas
341 3111 455 3172 cecidit
480 3131 517 3171 eo
543 3111 674 3187 nuncio;
707 3121 748 3188 et,
779 3110 908 3172 consilio
934 3111 1094 3185 advocato,
1122 3109 1223 3170 literas

172 3195 313 3273 praetoris
341 3217 432 3276 quum
461 3198 630 3274 recitasset,
668 3196 707 3266 Q.
729 3194 848 3256 AElium
876 3195 1071 3257 'lbrberonem
1101 3195 1224 3256 obviam

174 3281 242 3360 regi
273 3281 374 3344 misit:
401 3297 520 3346 ceteros
546 3303 671 3344 manere
696 3283 728 3342 in
754 3282 897 3364 praetorio
924 3281 1097 3361 frequentes
1121 3278 1224 3359 jussit.

173 3362 249 3427 Non
273 3367 345 3429 alias
368 3370 406 3431 ad
430 3371 525 3431 ullum
548 3369 758 3451 spectaculum
784 3378 873 3427 tanta
894 3366 1057 3428 multitudo
1081 3364 1224 3425 obcurrit.

173 3449 296 3514 Patrum
320 3465 409 3517 atate
425 3454 551 3540 Syphax
565 3476 620 3516 rex
640 3467 748 3536 captus
773 3453 805 3512 in
828 3463 930 3513 castra
945 3452 1086 3512 Romana
1107 3450 1224 3511 adduc-

170 3549 220 3601 tus
243 3553 331 3604 erat:
358 3554 557 3624 preterquam
584 3541 667 3622 quod
682 3559 739 3600 nec
754 3559 819 3613 sua,
841 3559 899 3598 nec
915 3539 1014 3619 gentis
1038 3537 1122 3597 fama
1136 3557 1223 3598 corn·

169 3627 334 3710 parandus,
361 3631 472 3690 ²⁹tunc
498 3649 618 3710 quoque
644 3625 779 3687 accessio
795 3622 902 3684 Punici
926 3624 997 3684 belli
1023 3624 1133 3700 furerat,
1163 3623 1223 3683 sic·
1276 3628 1279 3632 ’

169 3723 204 3773 ut
233 3712 364 3776 Gentius
394 3713 602 3776 Macedonici.
656 3710 781 3772 Perseus
818 3720 912 3792 caput
943 3709 1013 3770 belli
1043 3720 1129 3770 erat:
1165 3729 1223 3769 nec

89 3869 94 3877 Ι
170 3797 265 3881 ipsius
294 3813 428 3880 tantum,
458 3802 594 3884 ³⁰parris
619 3799 738 3880 avique,
768 3817 844 3878 quos
869 3797 1017 3878 sanguine
1047 3816 1084 3855 ac
1113 3813 1224 3876 genere

359 3909 519 3961 ‘domham
528 3909 601 3958 Doet.
738 3913 751 3949 Ι
760 3915 872 3968 maara
883 3903 1038 3953 Gron.Creu.

204 3997 225 4036 fl
240 3997 303 4047 Dum
328 4005 422 4063 perraria
450 3999 585 4066 deferretur]
623 3999 683 4054 lmo,
706 3997 800 4060 suerat]
823 3997 896 4044 Recte
914 3995 977 4042 delet
988 3992 1119 4043 Gronovius
1128 3989 1223 4038 verbum

168 4075 292 4130 postquam
313 4067 409 4130 pecunia
430 4065 507 4116 delata
529 4079 571 4113 est.
603 4063 682 4128 *ipso
705 4063 796 4126 facerat,
811 4074 920 4124 tanquam
938 4061 1038 4107 orioaunr
1055 4055 1140 4105 indocti
1150 4056 1221 4104 inter-

168 4132 279 4194 ttmporis
298 4143 396 4196 puncto,
417 4149 462 4196 quo
483 4131 582 4180 delatam
604 4131 631 4177 ad
654 4143 679 4177 aa
711 4129 783 4191 pretia
795 4128 982 4184 addumentum.
1142 4189 1148 4200 .

166 4197 288 4258 pecuniam
299 4209 428 4262 acceperat.
744 4191 768 4226 ³⁰
796 4193 873 4238 Patria
887 4193 973 4252 orique,
996 4201 1049 4250 quot
1068 4201 1176 4263 wne
1195 4201 1222 4233 oc

183 4259 342 4320 &Quorum
358 4267 383 4312 in
404 4263 481 4324 tonplo
501 4261 574 4324 oront]
605 4259 679 4310 Vetus
711 4273 790 4322 genera
799 4255 947 4318 contingciat]
964 4256 1125 4309 Mammam,
1139 4267 1222 4311 araq-

167 4327 241 4374 codex
261 4330 333 4376 caruit
355 4321 527 4394 praepbsitione.
560 4327 628 4375 Unde
645 4326 679 4374 le·
712 4323 804 4370 natione
831 4323 956 4380 attingeret
981 4332 1069 4382 patrem
1096 4329 1121 4366 et
1147 4333 1222 4395 aram.

168 4392 270 4452 gendum
286 4404 352 4457 putat
364 4395 502 4452 Gronovius,
519 4408 611 4456 qnorum
625 4401 681 4442 tm.
712 4387 815 4436 Videtur
823 4387 908 4449 aliquid
919 4386 1067 4433 intercidisse.
1099 4383 1159 4444 Legi
1170 4397 1222 4445 pot·

164 4456 230 4518 plum
238 4465 294 4505 ml·
712 4455 752 4511 rit,
771 4453 847 4509 Putris¹
863 4455 949 4513 orique,
966 4460 988 4498 et
1005 4459 1125 4498 merorum
1145 4461 1223 4512 qum
1248 4493 1258 4518 s

201 4521 222 4558 ⁹
239 4520 303 4574 Tunc
320 4537 404 4587 quoque
422 4525 512 4574 amenio
531 4521 614 4571 Punici
630 4523 680 4570 belli
712 4513 1157 4584 qrtctmxgnineocgmncmr'nght.
