3184 5225
399 366 456 419 100
804 361 888 421 'nm
909 362 1010 423 lelt

234 517 377 572 uesta.
401 512 443 575 lio
468 525 544 592 erat,
570 514 697 595 queretae
721 514 761 577 ad
787 527 927 578 senatum
954 516 1062 579 delate
1085 526 1167 594 sunt,
1191 528 1224 578 et
1246 518 1341 599 legati
1364 522 1445 603 regis

233 583 373 699 &fuga
401 596 557 661 Gallorum
583 597 725 661 Cincibili
747 614 905 664 venerunt.
950 600 1056 665 Frater
1080 600 1145 684 ejus
1167 605 1258 665 verba
1281 604 1314 665 in
1338 620 1446 669 senatu

233 710 320 766 cuis
368 666 484 763 ‘lecit
514 697 648 766 questus,
671 685 853 769 Alpinorum
877 688 1058 770 populorum
1084 708 1174 771 agros
1197 690 1349 751 sociorum
1372 713 1445 753 suo·

401 792 466 835 rurn
482 771 698 855 depopulatum
720 771 759 835 C.
775 772 914 836 Cassium
929 796 1004 854 esse,
1024 786 1057 837 et
1070 774 1141 837 inde
1156 776 1364 837 multatnillia
1387 778 1444 839 ho-

400 860 516 920 minum
532 859 565 919 in
584 860 760 923 servitutem
776 860 952 943 abripuisse.
997 858 1060 923 Sub
1084 862 1116 923 id
1133 873 1252 941 tempus
1273 858 1444 925 Camorum

399 943 605 1025 Istrorumqne
629 956 662 1007 et
684 944 832 1029 Iapydum
856 948 948 1029 legati
972 958 1138 1009 venerunt:
1174 944 1301 1006 ‘Duces
1317 947 1374 1009 sibi
1402 950 1443 1011 ab

398 1030 410 1062 ‘
424 1031 547 1092 consule
567 1028 674 1093 Cassio
690 1032 821 1115 primum
836 1032 1011 1114 imperatos,
1027 1033 1078 1110 qui
1094 1032 1125 1091 in
1145 1028 1362 1094 Macedoniani
1383 1034 1442 1095 du·

398 1115 505 1178 ‘centi
520 1118 687 1179 exercitum
696 1118 756 1181 iter
770 1128 992 1181 monstrarent:
1015 1128 1158 1197 pacatum
1174 1116 1213 1177 ab
1228 1138 1271 1195 se,
1283 1129 1443 1199 tamquam

397 1200 462 1263 ‘ad
475 1202 560 1265 aliud
582 1204 695 1265 bellurn
709 1203 887 1286 gerendum,
910 1202 1027 1262 abisse:
1059 1202 1130 1263 inde
1145 1222 1183 1263 ex
1207 1203 1306 1265 medio
1321 1226 1440 1287 regres-

396 1286 490 1347 ‘sum
505 1288 614 1350 itinere
624 1290 777 1352 hostiliter
789 1307 965 1369 peragrasse
976 1286 1051 1347 fines
1066 1308 1151 1349 suos:
1174 1289 1286 1371 passim
1301 1290 1441 1371 rapinas-

396 1371 481 1453 ‘que
504 1386 536 1436 et
552 1373 692 1436 incendia
706 1375 804 1435 facta:
836 1391 893 1433 nec
912 1392 945 1432 se
960 1372 1044 1433 adid
1060 1372 1196 1435 locorum
1212 1374 1300 1453 scire,
1315 1388 1441 1457 propter

395 1458 512 1538 ‘quam
528 1478 666 1521 caussam
682 1458 797 1520 consuli
814 1477 869 1539 pro
884 1457 1021 1519 hostibus
1036 1456 1166 1521 fuerint.¹
1193 1456 1236 1521 Et
1248 1460 1353 1540 regulo
1364 1458 1440 1523 Gal-

395 1544 492 1605 lorum
508 1543 638 1620 absenti,
663 1554 696 1605 et
709 1544 757 1605 his
779 1543 899 1627 populis
922 1564 1099 1627 responsum
1121 1556 1178 1622 est,
1201 1541 1375 1607 ‘Senatum
1391 1566 1441 1626 ea,

355 1697 358 1703 ¹
393 1633 405 1661 ⁴
421 1649 487 1709 qun
502 1630 585 1691 facta
597 1642 770 1711 querantur,
782 1649 881 1711 neque
892 1630 984 1691 scisse
996 1629 1108 1708 hrtura,
1119 1651 1218 1713 neque
1233 1630 1259 1693 si
1274 1631 1336 1692 sint
1345 1632 1439 1711 iacta,

391 1714 405 1765 ‘-
419 1716 560 1796 probare.
587 1712 651 1777 Sed
665 1716 782 1779 indicta
794 1736 903 1777 caussa
916 1715 1055 1779 damnari
1071 1717 1229 1779 absentem
1246 1718 1437 1781 consularem

391 1800 526 1879 ‘virum,
541 1799 682 1883 injurium
697 1823 774 1880 esse,
788 1822 880 1884 quum
895 1802 921 1863 is
937 1802 1109 1885 reipublicae
1123 1824 1231 1865 caussa
1246 1803 1336 1867 absit.
1372 1802 1436 1866 Ubi

393 1886 405 1918 ‘
418 1906 457 1948 ex
466 1884 654 1949 Macedonia
665 1888 793 1950 redisset
801 1886 838 1950 C.
848 1887 982 1966 Cassius,
993 1899 1069 1967 tum,
1078 1889 1104 1950 si
1117 1908 1220 1955 coram
1229 1909 1300 1951 eum
1312 1910 1445 1973 arguere.

391 1972 405 2005 ‘
419 1972 542 2051 vellent,
557 1975 683 2055 cognita
702 1994 735 2036 re
750 1986 894 2051 senatum¹
904 1974 1045 2037 damnum
1067 1995 1205 2057 operam,
1221 1976 1264 2037 uti
1279 1970 1436 2039 'satisfiat’

391 2055 459 2120 Nec
475 2060 648 2143 responderi
658 2071 780 2122 tantum
791 2060 828 2122 iis
838 2060 992 2143 gentibus,
1007 2060 1062 2122 sed
1073 2061 1191 2143 legatos
1202 2061 1296 2139 mitti,
1308 2062 1383 2125 duos
1395 2061 1437 2124 ad

389 2144 528 2225 regulum
543 2156 626 2207 trans
641 2145 747 2229 Alpes,
762 2159 825 2209 tres
841 2146 922 2208 circa
935 2167 988 2207 eos
1004 2147 1133 2229 populos
1145 2147 1271 2229 placuit,
1286 2147 1337 2227 qui
1353 2148 1435 2209 indi·

390 2242 507 2309 carent,
531 2230 735 2313 quoe,Patrum
758 2232 910 2295 sententia
933 2241 1023 2294 esset.
1068 2230 1200 2295 Munera
1221 2233 1302 2294 mitti
1326 2233 1435 2315 legatia

390 2338 428 2380 ex
444 2319 472 2357 ²⁰
480 2317 558 2379 binis
581 2318 714 2379 millibus
728 2318 796 2381 aeris
821 2328 1013 2381 censuerunt.
1032 2317 1150 2381 duobus
1165 2318 1435 2400 nauibusregutts

388 2404 454 2465 haec
469 2404 630 2487 precipua,
644 2415 768 2486 torques
782 2404 844 2466 duo
866 2407 891 2447 ¹¹
902 2424 942 2466 ex
955 2404 1087 2485 quinque
1102 2404 1207 2486 pondo
1222 2405 1286 2467 auri
1301 2403 1387 2483 iacti,
1403 2417 1435 2467 et

388 2491 498 2550 ”vasa
512 2490 659 2571 argentea
681 2491 814 2571 quinque
829 2511 868 2551 ex
882 2490 989 2571 viginti
1010 2489 1125 2574 pondo,
1141 2503 1173 2553 et
1189 2490 1251 2552 duo
1269 2491 1340 2572 equi
1355 2492 1434 2573 pha·

388 2573 563 2638 lenaticum
587 2574 780 2658 agasonibus,
804 2586 836 2638 et
849 2575 1001 2658 equestria
1021 2596 1107 2639 arma
1120 2597 1157 2640 ac
1173 2576 1299 2660 sagula:
1332 2589 1364 2638 et
1378 2597 1435 2640 co·

386 2661 513 2722 mitibus
539 2681 644 2723 eorum
672 2662 854 2724 vestimenta
879 2663 981 2725 liberis
1007 2663 1170 2747 servisque.
1213 2661 1287 2724 Hac
1316 2663 1431 2723 nrissa:

388 2746 442 2807 illa
456 2746 629 2829 petentibus
653 2747 736 2827 data,
761 2760 795 2810 ut
809 2749 958 2812 denorum
984 2769 1131 2830 equorum
1155 2749 1190 2811 iis
1212 2748 1433 2810 commercium

386 2843 479 2909 esset,
504 2832 713 2915 educendique
742 2853 782 2896 ex
811 2833 901 2898 Italia
930 2846 1067 2917 potestas
1104 2836 1199 2898 fieret.
1231 2832 1327 2915 legati·
1356 2853 1429 2896 cum

386 2913 484 2979 Gallis
507 2919 591 2980 missi
616 2935 700 2982 trans
725 2919 832 3003 Alpes,
847 2919 883 2983 C.
900 2918 1020 2999 Laelius,
1048 2919 1095 2984 M.
1108 2919 1248 2984 AErnilius
1272 2916 1431 3001 Lepidus:

385 3003 427 3149 ἓξ
456 3015 575 3103 ceteros
604 3006 733 3088 populos
762 3004 801 3068 C.
828 3003 970 3084 Sicinius,
1001 3007 1035 3070 P.
1061 3005 1216 3070 Cornelius
1244 3001 1361 3081 Blasio,
1389 3001 1433 3066 T.

425 3108 564 3151 emmlus.

428 3171 483 3236 vl.
505 3172 675 3238 Multamm
701 3176 791 3238 simul
816 3174 939 3238 Graeciae
968 3174 1108 3255 Asiaeque
1137 3175 1307 3239 civitatium
1335 3175 1431 3256 legati

383 3257 517 3322 Romam
533 3271 751 3322 convenerunt.
779 3259 873 3322 Primi
889 3261 1094 3324 Athenienses
1109 3260 1293 3322 introducti:
1316 3261 1351 3338 ii,
1366 3262 1434 3338 ‘se,

383 3347 491 3425 ‘quod
505 3345 627 3406 navium
642 3344 803 3406 habuerint
817 3345 1017 3428 militumque,
1034 3345 1067 3408 P.
1082 3343 1201 3407 Licinio
1217 3345 1335 3408 consuli
1351 3356 1383 3407 et
1394 3344 1431 3408 C.

384 3430 553 3492 ‘Lucretio
567 3430 688 3513 praetori
704 3429 832 3492 misisse'
843 3441 1060 3514 exposuerunt,
1075 3430 1205 3514 ‘quibus
1220 3452 1273 3494 eos
1288 3452 1350 3498 non
1359 3451 1431 3493 usos

384 3516 396 3547 ‘
410 3515 587 3578 ”frumenti
601 3515 658 3578 sibi
680 3527 804 3578 centum
819 3515 916 3580 millia
931 3518 1110 3600 imperasse:
1134 3517 1228 3599 quod,
1243 3536 1428 3598 quamquam

384 3599 395 3632 ‘
410 3601 544 3662 sterilem
556 3614 668 3664 terram
684 3613 780 3681 arent,
792 3603 932 3686 ipsosque
944 3603 1037 3667 etiam
1049 3600 1183 3686 agrestes
1195 3603 1355 3686 peregrino
1364 3601 1429 3665 iru-

383 3687 395 3720 ‘
410 3698 516 3750 mento
525 3687 651 3766 alerent,
661 3699 774 3767 tanen,
786 3709 825 3752 ne
836 3689 978 3752 deessent
988 3690 1101 3768 officio,
1111 3689 1281 3752 coniecisse
1289 3710 1298 3766 ;
1315 3699 1348 3752 et
1357 3688 1430 3766 alia,

382 3773 395 3806 ‘
407 3795 474 3856 quae
488 3774 719 3857 imperarentur,
731 3786 874 3856 prestare
883 3787 1007 3858 paratos
1017 3773 1103 3838 esse?
1126 3773 1253 3852 Milesii,
1263 3775 1339 3837 nihil
1351 3795 1431 3856 praa-

381 3858 496 3923 stitisse
527 3873 742 3938 memorantes,
771 3861 796 3922 si
827 3862 900 3942 quid
928 3862 1077 3944 imperare
1104 3861 1144 3922 ad
1165 3861 1280 3923 bellum
1309 3871 1432 3923 senatus
1455 3865 1462 3872 '

381 3946 482 4028 vellet,
496 3958 639 4030 prestare
654 3966 687 4008 se
702 3957 826 4030 paratos
841 3969 917 4029 esse,
929 3946 1058 4030 polliciti
1073 3958 1153 4010 sunt.
1196 3947 1431 4022 Alabandenses

414 4221 437 4256 a
452 4185 888 4303 assaunqarqn‘aeaugesa
919 4219 1001 4287 pao]
1014 4217 1289 4272 mensuramus
1302 4217 1342 4268 at.
1355 4215 1436 4282 aaa

380 4286 685 4415 nozlnlldijpchdo
703 4322 767 4418 curt]
793 4353 888 4417 Septem
920 4291 974 4388 2„
990 4343 1437 4424 Fnrmanti....cmtumprillia]81p-

381 4415 461 4469 ntsrc's
471 4417 619 4476 samnbus,
627 4417 887 4472 mellentensium.
933 4416 1086 4474 immadidet·
1118 4415 1212 4468 Morta
1231 4413 1367 4466 tamena
1382 4411 1434 4466 itte

412 4469 507 4531 sivan
525 4489 631 4547 argentee
651 4485 746 4547 quinque
762 4483 889 4550 :triginti
936 4481 1007 4534 7084.
1085 4485 1089 4490 '
