<?xml version="1.0" encoding="UTF-8"?>
<!DOCTYPE html PUBLIC "-//W3C//DTD XHTML 1.0 Transitional//EN"
    "http://www.w3.org/TR/xhtml1/DTD/xhtml1-transitional.dtd">
<html xmlns="http://www.w3.org/1999/xhtml" xml:lang="en" lang="en">
 <head>
  <title>
</title>
<meta http-equiv="Content-Type" content="text/html;charset=utf-8" />
  <meta name='ocr-system' content='tesseract 3.04.00' />
  <meta name='ocr-capabilities' content='ocr_page ocr_carea ocr_par ocr_line ocrx_word'/>
</head>
<body>
  <div class='ocr_page' id='page_1' title='image "./tliviipatavinih02grongoog_0035.png"; bbox 0 0 3184 5225; ppageno 0'>
   <div class='ocr_carea' id='block_1_1' title="bbox 482 360 1211 435">
    <p class='ocr_par' dir='ltr' id='par_1_1' title="bbox 482 360 1211 435">
     <span class='ocr_line' id='line_1_1' title="bbox 482 360 1211 435; baseline 0 -14"><span class='ocrx_word' id='word_1_1' title='bbox 482 361 560 422; x_wconf 87' lang='lat' dir='ltr'>LIB.</span> <span class='ocrx_word' id='word_1_2' title='bbox 578 360 660 421; x_wconf 76' lang='lat' dir='ltr'><strong>xm.</strong></span> <span class='ocrx_word' id='word_1_3' title='bbox 689 360 905 423; x_wconf 56' lang='lat' dir='ltr'><strong>cefcxxw.</strong></span> <span class='ocrx_word' id='word_1_4' title='bbox 1167 373 1211 435; x_wconf 69' lang='lat'><strong>27</strong></span> 
     </span>
    </p>
   </div>
   <div class='ocr_carea' id='block_1_2' title="bbox 154 516 1365 2836">
    <p class='ocr_par' dir='ltr' id='par_1_2' title="bbox 154 516 1365 775">
     <span class='ocr_line' id='line_1_2' title="bbox 155 516 1365 689; baseline -0.01 -20"><span class='ocrx_word' id='word_1_5' title='bbox 155 516 1207 689; x_wconf 39' lang='lat' dir='ltr'><strong>{mumurantem</strong></span> <span class='ocrx_word' id='word_1_6' title='bbox 1219 536 1293 655; x_wconf 76' lang='lat' dir='ltr'><strong>tr.-</strong></span> <span class='ocrx_word' id='word_1_7' title='bbox 1303 540 1365 657; x_wconf 75' lang='lat' dir='ltr'><strong>st</strong></span> 
     </span>
     <span class='ocr_line' id='line_1_3' title="bbox 154 689 1207 775; baseline -0.002 -18"><span class='ocrx_word' id='word_1_8' title='bbox 154 695 166 729; x_wconf 91' lang='lat'>‘</span> <span class='ocrx_word' id='word_1_9' title='bbox 180 714 233 757; x_wconf 90' lang='lat' dir='ltr'><strong>eoe</strong></span> <span class='ocrx_word' id='word_1_10' title='bbox 243 692 376 774; x_wconf 81' lang='lat' dir='ltr'><strong>benigne</strong></span> <span class='ocrx_word' id='word_1_11' title='bbox 384 702 532 773; x_wconf 84' lang='lat' dir='ltr'><strong>exceptos</strong></span> <span class='ocrx_word' id='word_1_12' title='bbox 541 691 565 753; x_wconf 56' lang='grc' dir='ltr'><strong>δ.</strong></span> <span class='ocrx_word' id='word_1_13' title='bbox 593 689 670 753; x_wconf 86' lang='lat' dir='ltr'><strong>Haec</strong></span> <span class='ocrx_word' id='word_1_14' title='bbox 682 692 787 753; x_wconf 84' lang='lat' dir='ltr'><strong>omnia</strong></span> <span class='ocrx_word' id='word_1_15' title='bbox 794 691 880 773; x_wconf 88' lang='lat' dir='ltr'><strong>pacis</strong></span> <span class='ocrx_word' id='word_1_16' title='bbox 890 692 1032 773; x_wconf 76' lang='lat' dir='ltr'>equidem</span> <span class='ocrx_word' id='word_1_17' title='bbox 1042 694 1130 775; x_wconf 82' lang='lat' dir='ltr'><strong>sigua</strong></span> <span class='ocrx_word' id='word_1_18' title='bbox 1139 713 1207 755; x_wconf 84' lang='lat' dir='ltr'><strong>ease</strong></span> 
     </span>
    </p>

    <p class='ocr_par' dir='ltr' id='par_1_3' title="bbox 156 776 1271 947">
     <span class='ocr_line' id='line_1_4' title="bbox 156 776 1271 861; baseline -0.004 -18"><span class='ocrx_word' id='word_1_19' title='bbox 156 782 167 813; x_wconf 92' lang='lat'>‘</span> <span class='ocrx_word' id='word_1_20' title='bbox 181 778 300 861; x_wconf 85' lang='lat' dir='ltr'><strong>judico,</strong></span> <span class='ocrx_word' id='word_1_21' title='bbox 314 798 377 839; x_wconf 90' lang='lat' dir='ltr'><strong>non</strong></span> <span class='ocrx_word' id='word_1_22' title='bbox 393 776 480 839; x_wconf 86' lang='lat' dir='ltr'><strong>belli:</strong></span> <span class='ocrx_word' id='word_1_23' title='bbox 505 796 562 839; x_wconf 85' lang='lat' dir='ltr'><strong>nec</strong></span> <span class='ocrx_word' id='word_1_24' title='bbox 578 776 732 839; x_wconf 84' lang='lat' dir='ltr'><strong>Romanos</strong></span> <span class='ocrx_word' id='word_1_25' title='bbox 747 777 863 839; x_wconf 83' lang='lat' dir='ltr'><strong>offendi</strong></span> <span class='ocrx_word' id='word_1_26' title='bbox 878 799 978 859; x_wconf 85' lang='lat' dir='ltr'><strong>poese,</strong></span> <span class='ocrx_word' id='word_1_27' title='bbox 994 779 1031 856; x_wconf 89' lang='lat' dir='ltr'><strong>si,</strong></span> <span class='ocrx_word' id='word_1_28' title='bbox 1044 791 1079 842; x_wconf 91' lang='lat' dir='ltr'><strong>ut</strong></span> <span class='ocrx_word' id='word_1_29' title='bbox 1093 779 1207 841; x_wconf 86' lang='lat' dir='ltr'><strong>bellmn</strong></span> <span class='ocrx_word' id='word_1_30' title='bbox 1269 852 1271 857; x_wconf 88' lang='lat'><em>.</em></span> 
     </span>
     <span class='ocr_line' id='line_1_5' title="bbox 158 863 1206 947; baseline 0.001 -20"><span class='ocrx_word' id='word_1_31' title='bbox 158 867 170 899; x_wconf 92' lang='lat'>‘</span> <span class='ocrx_word' id='word_1_32' title='bbox 184 878 325 947; x_wconf 66' lang='lat' dir='ltr'><strong>gerentes</strong></span> <span class='ocrx_word' id='word_1_33' title='bbox 339 886 393 925; x_wconf 89' lang='lat' dir='ltr'><strong>eos</strong></span> <span class='ocrx_word' id='word_1_34' title='bbox 406 863 503 926; x_wconf 83' lang='lat' dir='ltr'><strong>secuti</strong></span> <span class='ocrx_word' id='word_1_35' title='bbox 527 882 641 941; x_wconf 87' lang='lat' dir='ltr'><strong>snmus,</strong></span> <span class='ocrx_word' id='word_1_36' title='bbox 665 880 746 923; x_wconf 88' lang='lat' dir='ltr'><strong>nunc</strong></span> <span class='ocrx_word' id='word_1_37' title='bbox 762 882 882 945; x_wconf 91' lang='lat' dir='ltr'><strong>quoque</strong></span> <span class='ocrx_word' id='word_1_38' title='bbox 906 866 992 945; x_wconf 84' lang='lat' dir='ltr'><strong>pacis</strong></span> <span class='ocrx_word' id='word_1_39' title='bbox 1005 874 1143 927; x_wconf 84' lang='lat' dir='ltr'><strong>suctores</strong></span> <span class='ocrx_word' id='word_1_40' title='bbox 1156 885 1206 927; x_wconf 83' lang='lat' dir='ltr'><strong>se·</strong></span> 
     </span>
    </p>

    <p class='ocr_par' dir='ltr' id='par_1_4' title="bbox 157 948 1207 1032">
     <span class='ocr_line' id='line_1_6' title="bbox 157 948 1207 1032; baseline -0.002 -17"><span class='ocrx_word' id='word_1_41' title='bbox 157 952 169 983; x_wconf 93' lang='lat'>‘</span> <span class='ocrx_word' id='word_1_42' title='bbox 186 970 322 1032; x_wconf 82' lang='lat' dir='ltr'><strong>quaruur.</strong></span> <span class='ocrx_word' id='word_1_43' title='bbox 338 970 392 1011; x_wconf 85' lang='lat' dir='ltr'><strong>eur</strong></span> <span class='ocrx_word' id='word_1_44' title='bbox 403 950 527 1031; x_wconf 89' lang='lat' dir='ltr'><strong>quidem</strong></span> <span class='ocrx_word' id='word_1_45' title='bbox 539 966 595 1011; x_wconf 87' lang='lat' dir='ltr'><strong>nos</strong></span> <span class='ocrx_word' id='word_1_46' title='bbox 610 948 794 1030; x_wconf 73' lang='lat' dir='ltr'><strong>inexpiabile</strong></span> <span class='ocrx_word' id='word_1_47' title='bbox 807 950 943 1011; x_wconf 88' lang='lat' dir='ltr'><strong>omnium</strong></span> <span class='ocrx_word' id='word_1_48' title='bbox 955 951 1013 1013; x_wconf 87' lang='lat' dir='ltr'><strong>soli</strong></span> <span class='ocrx_word' id='word_1_49' title='bbox 1024 951 1138 1013; x_wconf 88' lang='lat' dir='ltr'><strong>bellum</strong></span> <span class='ocrx_word' id='word_1_50' title='bbox 1151 951 1207 1012; x_wconf 75' lang='lat' dir='ltr'><strong>ad-</strong></span> 
     </span>
    </p>

    <p class='ocr_par' dir='ltr' id='par_1_5' title="bbox 155 1034 1208 1119">
     <span class='ocr_line' id='line_1_7' title="bbox 155 1034 1208 1119; baseline 0.001 -22"><span class='ocrx_word' id='word_1_51' title='bbox 155 1037 169 1071; x_wconf 83' lang='lat'>‘</span> <span class='ocrx_word' id='word_1_52' title='bbox 183 1058 285 1099; x_wconf 83' lang='lat' dir='ltr'><strong>versus</strong></span> <span class='ocrx_word' id='word_1_53' title='bbox 297 1057 424 1119; x_wconf 80' lang='lat' dir='ltr'><strong>regnum</strong></span> <span class='ocrx_word' id='word_1_54' title='bbox 436 1034 644 1097; x_wconf 71' lang='lat' dir='ltr'><strong>Macedonum</strong></span> <span class='ocrx_word' id='word_1_55' title='bbox 655 1054 806 1114; x_wconf 80' lang='lat' dir='ltr'>geramus,</span> <span class='ocrx_word' id='word_1_56' title='bbox 817 1054 878 1095; x_wconf 88' lang='lat' dir='ltr'><strong>non</strong></span> <span class='ocrx_word' id='word_1_57' title='bbox 891 1034 990 1097; x_wconf 88' lang='lat' dir='ltr'><strong>video.</strong></span> <span class='ocrx_word' id='word_1_58' title='bbox 1032 1036 1208 1119; x_wconf 81' lang='lat' dir='ltr'><strong>Opportrmi</strong></span> 
     </span>
    </p>

    <p class='ocr_par' dir='ltr' id='par_1_6' title="bbox 155 1116 1208 1289">
     <span class='ocr_line' id='line_1_8' title="bbox 158 1116 1208 1206; baseline -0.001 -21"><span class='ocrx_word' id='word_1_59' title='bbox 158 1122 169 1155; x_wconf 92' lang='lat'>‘</span> <span class='ocrx_word' id='word_1_60' title='bbox 185 1124 413 1206; x_wconf 73' lang='lat' dir='ltr'><strong>propinquitate</strong></span> <span class='ocrx_word' id='word_1_61' title='bbox 429 1122 502 1203; x_wconf 71' lang='lat' dir='ltr'><strong>&#39;ipsa</strong></span> <span class='ocrx_word' id='word_1_62' title='bbox 514 1116 706 1183; x_wconf 70' lang='lat' dir='ltr'><strong>Macedonia</strong></span> <span class='ocrx_word' id='word_1_63' title='bbox 720 1140 823 1181; x_wconf 83' lang='lat' dir='ltr'><strong>sumus</strong></span> <span class='ocrx_word' id='word_1_64' title='bbox 832 1143 843 1196; x_wconf 84' lang='lat'>3</span> <span class='ocrx_word' id='word_1_65' title='bbox 865 1141 907 1181; x_wconf 89' lang='lat' dir='ltr'><strong>an</strong></span> <span class='ocrx_word' id='word_1_66' title='bbox 927 1120 1123 1183; x_wconf 84' lang='lat' dir='ltr'><strong>infirmissimi</strong></span> <span class='ocrx_word' id='word_1_67' title='bbox 1137 1142 1208 1184; x_wconf 87' lang='lat' dir='ltr'><strong>orn·</strong></span> 
     </span>
     <span class='ocr_line' id='line_1_9' title="bbox 155 1204 1208 1289; baseline -0.002 -18"><span class='ocrx_word' id='word_1_68' title='bbox 155 1210 280 1287; x_wconf 84' lang='lat' dir='ltr'><strong>‘nium,</strong></span> <span class='ocrx_word' id='word_1_69' title='bbox 306 1222 477 1289; x_wconf 82' lang='lat' dir='ltr'><strong>tamquam,</strong></span> <span class='ocrx_word' id='word_1_70' title='bbox 499 1227 575 1288; x_wconf 86' lang='lat' dir='ltr'><strong>quos</strong></span> <span class='ocrx_word' id='word_1_71' title='bbox 596 1226 691 1289; x_wconf 85' lang='lat' dir='ltr'><strong>nuper</strong></span> <span class='ocrx_word' id='word_1_72' title='bbox 713 1204 855 1286; x_wconf 81' lang='lat' dir='ltr'><strong>subjecit,</strong></span> <span class='ocrx_word' id='word_1_73' title='bbox 875 1204 1030 1289; x_wconf 82' lang='lat' dir='ltr'><strong>Dolopes?</strong></span> <span class='ocrx_word' id='word_1_74' title='bbox 1078 1210 1102 1245; x_wconf 85' lang='lat'><strong>¹⁴</strong></span> <span class='ocrx_word' id='word_1_75' title='bbox 1112 1208 1208 1269; x_wconf 89' lang='lat' dir='ltr'><strong>immo</strong></span> 
     </span>
    </p>

    <p class='ocr_par' dir='ltr' id='par_1_7' title="bbox 156 1288 1208 1374">
     <span class='ocr_line' id='line_1_10' title="bbox 156 1288 1208 1374; baseline -0.003 -17"><span class='ocrx_word' id='word_1_76' title='bbox 156 1296 169 1327; x_wconf 85' lang='lat'><em>⁴</em></span> <span class='ocrx_word' id='word_1_77' title='bbox 185 1306 293 1357; x_wconf 79' lang='lat' dir='ltr'><strong>contre</strong></span> <span class='ocrx_word' id='word_1_78' title='bbox 308 1314 356 1372; x_wconf 86' lang='lat' dir='ltr'><strong>ea,</strong></span> <span class='ocrx_word' id='word_1_79' title='bbox 371 1292 417 1357; x_wconf 86' lang='lat' dir='ltr'><strong>rel</strong></span> <span class='ocrx_word' id='word_1_80' title='bbox 427 1293 538 1355; x_wconf 89' lang='lat' dir='ltr'><strong>viribus</strong></span> <span class='ocrx_word' id='word_1_81' title='bbox 549 1293 669 1370; x_wconf 85' lang='lat' dir='ltr'><strong>nostris,</strong></span> <span class='ocrx_word' id='word_1_82' title='bbox 684 1288 785 1353; x_wconf 82' lang='lat' dir='ltr'><strong>chm</strong></span> <span class='ocrx_word' id='word_1_83' title='bbox 797 1291 999 1374; x_wconf 74' lang='lat' dir='ltr'><strong>benignitate,</strong></span> <span class='ocrx_word' id='word_1_84' title='bbox 1012 1293 1060 1355; x_wconf 83' lang='lat' dir='ltr'><strong>vel</strong></span> <span class='ocrx_word' id='word_1_85' title='bbox 1075 1293 1208 1374; x_wconf 72' lang='lat' dir='ltr'><strong>regionis</strong></span> 
     </span>
    </p>

    <p class='ocr_par' dir='ltr' id='par_1_8' title="bbox 160 1376 1208 1549">
     <span class='ocr_line' id='line_1_11' title="bbox 160 1376 1208 1463; baseline -0.002 -20"><span class='ocrx_word' id='word_1_86' title='bbox 160 1382 170 1413; x_wconf 92' lang='lat'>‘</span> <span class='ocrx_word' id='word_1_87' title='bbox 187 1380 348 1443; x_wconf 83' lang='lat' dir='ltr'><strong>intervallo</strong></span> <span class='ocrx_word' id='word_1_88' title='bbox 359 1380 429 1442; x_wconf 89' lang='lat' dir='ltr'><strong>tuti.</strong></span> <span class='ocrx_word' id='word_1_89' title='bbox 463 1383 488 1419; x_wconf 83' lang='lat'><strong>¹⁵</strong></span> <span class='ocrx_word' id='word_1_90' title='bbox 500 1376 563 1439; x_wconf 87' lang='lat' dir='ltr'><strong>Sed</strong></span> <span class='ocrx_word' id='word_1_91' title='bbox 573 1398 675 1463; x_wconf 78' lang='lat' dir='ltr'><strong>sumus</strong></span> <span class='ocrx_word' id='word_1_92' title='bbox 685 1398 767 1461; x_wconf 81' lang='lat' dir='ltr'><strong>aequc</strong></span> <span class='ocrx_word' id='word_1_93' title='bbox 778 1377 907 1458; x_wconf 87' lang='lat' dir='ltr'><strong>subjecti</strong></span> <span class='ocrx_word' id='word_1_94' title='bbox 917 1400 954 1441; x_wconf 88' lang='lat' dir='ltr'><strong>ac</strong></span> <span class='ocrx_word' id='word_1_95' title='bbox 964 1378 1104 1441; x_wconf 82' lang='lat' dir='ltr'><strong>Thessali</strong></span> <span class='ocrx_word' id='word_1_96' title='bbox 1113 1376 1208 1441; x_wconf 84' lang='lat' dir='ltr'><strong>AEto·</strong></span> 
     </span>
     <span class='ocr_line' id='line_1_12' title="bbox 161 1462 1208 1549; baseline -0.003 -22"><span class='ocrx_word' id='word_1_97' title='bbox 161 1467 289 1549; x_wconf 82' lang='lat' dir='ltr'><strong>‘lique3</strong></span> <span class='ocrx_word' id='word_1_98' title='bbox 312 1466 410 1529; x_wconf 87' lang='lat' dir='ltr'><strong>nihilo</strong></span> <span class='ocrx_word' id='word_1_99' title='bbox 433 1465 501 1548; x_wconf 91' lang='lat' dir='ltr'><strong>plus</strong></span> <span class='ocrx_word' id='word_1_100' title='bbox 527 1462 598 1527; x_wconf 80' lang='lat' dir='ltr'><strong>fidei</strong></span> <span class='ocrx_word' id='word_1_101' title='bbox 623 1465 874 1545; x_wconf 77' lang='lat' dir='ltr'><strong>auctoritatisque</strong></span> <span class='ocrx_word' id='word_1_102' title='bbox 895 1465 1042 1527; x_wconf 85' lang='lat' dir='ltr'><strong>babemus</strong></span> <span class='ocrx_word' id='word_1_103' title='bbox 1065 1464 1208 1527; x_wconf 81' lang='lat' dir='ltr'><strong>adsersus</strong></span> 
     </span>
    </p>

    <p class='ocr_par' dir='ltr' id='par_1_9' title="bbox 161 1548 1208 1719">
     <span class='ocr_line' id='line_1_13' title="bbox 162 1548 1208 1633; baseline -0.004 -18"><span class='ocrx_word' id='word_1_104' title='bbox 162 1553 174 1585; x_wconf 92' lang='lat'>‘</span> <span class='ocrx_word' id='word_1_105' title='bbox 189 1552 354 1628; x_wconf 83' lang='lat' dir='ltr'><strong>Romanos,</strong></span> <span class='ocrx_word' id='word_1_106' title='bbox 370 1551 421 1631; x_wconf 91' lang='lat' dir='ltr'><strong>qui</strong></span> <span class='ocrx_word' id='word_1_107' title='bbox 437 1570 555 1633; x_wconf 90' lang='lat' dir='ltr'><strong>semper</strong></span> <span class='ocrx_word' id='word_1_108' title='bbox 571 1552 646 1613; x_wconf 90' lang='lat' dir='ltr'><strong>socii</strong></span> <span class='ocrx_word' id='word_1_109' title='bbox 657 1560 749 1633; x_wconf 90' lang='lat' dir='ltr'><strong>atque</strong></span> <span class='ocrx_word' id='word_1_110' title='bbox 758 1550 848 1611; x_wconf 84' lang='lat' dir='ltr'><strong>amici</strong></span> <span class='ocrx_word' id='word_1_111' title='bbox 858 1550 981 1629; x_wconf 82' lang='lat' dir='ltr'><strong>fuimus,</strong></span> <span class='ocrx_word' id='word_1_112' title='bbox 995 1570 1086 1631; x_wconf 90' lang='lat' dir='ltr'><strong>quant</strong></span> <span class='ocrx_word' id='word_1_113' title='bbox 1096 1548 1208 1628; x_wconf 78' lang='lat' dir='ltr'><strong>AEtoli,</strong></span> 
     </span>
     <span class='ocr_line' id='line_1_14' title="bbox 161 1634 1208 1719; baseline -0.001 -20"><span class='ocrx_word' id='word_1_114' title='bbox 161 1638 238 1719; x_wconf 88' lang='lat' dir='ltr'><strong>‘qui</strong></span> <span class='ocrx_word' id='word_1_115' title='bbox 254 1637 357 1719; x_wconf 84' lang='lat' dir='ltr'><strong>paullo</strong></span> <span class='ocrx_word' id='word_1_116' title='bbox 372 1648 443 1699; x_wconf 85' lang='lat' dir='ltr'><strong>onte</strong></span> <span class='ocrx_word' id='word_1_117' title='bbox 459 1636 563 1699; x_wconf 84' lang='lat' dir='ltr'><strong>hostes</strong></span> <span class='ocrx_word' id='word_1_118' title='bbox 584 1636 713 1698; x_wconf 86' lang='lat' dir='ltr'><strong>luenmt.</strong></span> <span class='ocrx_word' id='word_1_119' title='bbox 758 1635 851 1706; x_wconf 89' lang='lat' dir='ltr'><strong>Quod</strong></span> <span class='ocrx_word' id='word_1_120' title='bbox 864 1634 990 1715; x_wconf 87' lang='lat' dir='ltr'><strong>AEtolis,</strong></span> <span class='ocrx_word' id='word_1_121' title='bbox 1012 1636 1095 1719; x_wconf 93' lang='lat' dir='ltr'><strong>quod</strong></span> <span class='ocrx_word' id='word_1_122' title='bbox 1107 1635 1208 1698; x_wconf 78' lang='lat' dir='ltr'><strong>&#39;ibes-</strong></span> 
     </span>
    </p>

    <p class='ocr_par' dir='ltr' id='par_1_10' title="bbox 161 1721 1252 2061">
     <span class='ocr_line' id='line_1_15' title="bbox 162 1721 1252 1804; baseline -0.002 -19"><span class='ocrx_word' id='word_1_123' title='bbox 162 1724 172 1755; x_wconf 92' lang='lat'>‘</span> <span class='ocrx_word' id='word_1_124' title='bbox 187 1724 270 1801; x_wconf 84' lang='lat' dir='ltr'><strong>selis,</strong></span> <span class='ocrx_word' id='word_1_125' title='bbox 285 1723 367 1804; x_wconf 92' lang='lat' dir='ltr'><strong>quod</strong></span> <span class='ocrx_word' id='word_1_126' title='bbox 376 1721 523 1803; x_wconf 78' lang='lat' dir='ltr'><strong>Epirotis,</strong></span> <span class='ocrx_word' id='word_1_127' title='bbox 538 1724 621 1785; x_wconf 89' lang='lat' dir='ltr'><strong>omni</strong></span> <span class='ocrx_word' id='word_1_128' title='bbox 628 1722 762 1801; x_wconf 87' lang='lat' dir='ltr'><strong>denique</strong></span> <span class='ocrx_word' id='word_1_129' title='bbox 772 1722 895 1784; x_wconf 78' lang='lat' dir='ltr'><strong>Greciae</strong></span> <span class='ocrx_word' id='word_1_130' title='bbox 905 1742 976 1783; x_wconf 90' lang='lat' dir='ltr'><strong>cum</strong></span> <span class='ocrx_word' id='word_1_131' title='bbox 987 1721 1210 1785; x_wconf 77' lang='lat' dir='ltr'><strong>Macedonibus</strong></span> <span class='ocrx_word' id='word_1_132' title='bbox 1247 1732 1252 1739; x_wconf 84' lang='lat'>&#39;</span> 
     </span>
     <span class='ocr_line' id='line_1_16' title="bbox 162 1808 1210 1891; baseline -0.002 -20"><span class='ocrx_word' id='word_1_133' title='bbox 162 1812 172 1842; x_wconf 93' lang='lat'>‘</span> <span class='ocrx_word' id='word_1_134' title='bbox 183 1810 262 1891; x_wconf 83' lang='lat' dir='ltr'><strong>juris</strong></span> <span class='ocrx_word' id='word_1_135' title='bbox 276 1822 334 1887; x_wconf 79' lang='lat' dir='ltr'><strong>eet,</strong></span> <span class='ocrx_word' id='word_1_136' title='bbox 357 1808 439 1871; x_wconf 86' lang='lat' dir='ltr'><strong>idem</strong></span> <span class='ocrx_word' id='word_1_137' title='bbox 455 1821 488 1871; x_wconf 89' lang='lat' dir='ltr'><strong>et</strong></span> <span class='ocrx_word' id='word_1_138' title='bbox 502 1809 590 1870; x_wconf 89' lang='lat' dir='ltr'><strong>nobis</strong></span> <span class='ocrx_word' id='word_1_139' title='bbox 610 1809 659 1869; x_wconf 88' lang='lat' dir='ltr'><strong>sit.</strong></span> <span class='ocrx_word' id='word_1_140' title='bbox 681 1828 742 1869; x_wconf 80' lang='lat' dir='ltr'><strong>cur</strong></span> <span class='ocrx_word' id='word_1_141' title='bbox 753 1808 947 1869; x_wconf 68' lang='lat' dir='ltr'><strong>exsecrabilis</strong></span> <span class='ocrx_word' id='word_1_142' title='bbox 961 1809 1022 1871; x_wconf 83' lang='lat' dir='ltr'><strong>ists</strong></span> <span class='ocrx_word' id='word_1_143' title='bbox 1035 1810 1123 1872; x_wconf 93' lang='lat' dir='ltr'><strong>nobis</strong></span> <span class='ocrx_word' id='word_1_144' title='bbox 1136 1808 1210 1869; x_wconf 88' lang='lat' dir='ltr'><strong>solis</strong></span> 
     </span>
     <span class='ocr_line' id='line_1_17' title="bbox 161 1892 1210 1976; baseline -0.002 -19"><span class='ocrx_word' id='word_1_145' title='bbox 161 1895 270 1959; x_wconf 76' lang='lat' dir='ltr'><strong>‘velut</strong></span> <span class='ocrx_word' id='word_1_146' title='bbox 284 1895 417 1957; x_wconf 81' lang='lat' dir='ltr'><strong>desertio</strong></span> <span class='ocrx_word' id='word_1_147' title='bbox 434 1892 511 1976; x_wconf 86' lang='lat' dir='ltr'><strong>juris</strong></span> <span class='ocrx_word' id='word_1_148' title='bbox 526 1894 651 1957; x_wconf 86' lang='lat' dir='ltr'><strong>humani</strong></span> <span class='ocrx_word' id='word_1_149' title='bbox 667 1892 733 1955; x_wconf 76' lang='lat' dir='ltr'><strong>est?</strong></span> <span class='ocrx_word' id='word_1_150' title='bbox 781 1892 902 1957; x_wconf 88' lang='lat' dir='ltr'><strong>Fecerit</strong></span> <span class='ocrx_word' id='word_1_151' title='bbox 915 1894 1029 1974; x_wconf 84' lang='lat' dir='ltr'><strong>aliquid</strong></span> <span class='ocrx_word' id='word_1_152' title='bbox 1043 1894 1210 1976; x_wconf 82' lang='lat' dir='ltr'><strong>Philippus,</strong></span> 
     </span>
     <span class='ocr_line' id='line_1_18' title="bbox 162 1978 1210 2061; baseline 0 -18"><span class='ocrx_word' id='word_1_153' title='bbox 162 1981 243 2045; x_wconf 86' lang='lat' dir='ltr'><strong>‘cur</strong></span> <span class='ocrx_word' id='word_1_154' title='bbox 257 1981 400 2045; x_wconf 79' lang='lat' dir='ltr'><strong>adversus</strong></span> <span class='ocrx_word' id='word_1_155' title='bbox 411 2001 481 2043; x_wconf 84' lang='lat' dir='ltr'><strong>curn</strong></span> <span class='ocrx_word' id='word_1_156' title='bbox 505 1993 656 2042; x_wconf 80' lang='lat' dir='ltr'><strong>muratum</strong></span> <span class='ocrx_word' id='word_1_157' title='bbox 677 1989 709 2040; x_wconf 91' lang='lat' dir='ltr'><strong>et</strong></span> <span class='ocrx_word' id='word_1_158' title='bbox 722 1978 836 2041; x_wconf 90' lang='lat' dir='ltr'><strong>bellum</strong></span> <span class='ocrx_word' id='word_1_159' title='bbox 853 1992 1012 2061; x_wconf 83' lang='lat' dir='ltr'><strong>gerentem</strong></span> <span class='ocrx_word' id='word_1_160' title='bbox 1029 1981 1088 2043; x_wconf 89' lang='lat' dir='ltr'><strong>boc</strong></span> <span class='ocrx_word' id='word_1_161' title='bbox 1102 1982 1210 2043; x_wconf 85' lang='lat' dir='ltr'><strong>decer·</strong></span> 
     </span>
    </p>

    <p class='ocr_par' dir='ltr' id='par_1_11' title="bbox 162 2064 1213 2405">
     <span class='ocr_line' id='line_1_19' title="bbox 162 2064 1211 2149; baseline 0 -20"><span class='ocrx_word' id='word_1_162' title='bbox 162 2066 173 2099; x_wconf 80' lang='lat'><em>⁴</em></span> <span class='ocrx_word' id='word_1_163' title='bbox 188 2088 346 2131; x_wconf 84' lang='lat' dir='ltr'><strong>neremus:</strong></span> <span class='ocrx_word' id='word_1_164' title='bbox 363 2066 436 2149; x_wconf 90' lang='lat' dir='ltr'><strong>quid</strong></span> <span class='ocrx_word' id='word_1_165' title='bbox 452 2064 587 2143; x_wconf 83' lang='lat' dir='ltr'><strong>Perseus,</strong></span> <span class='ocrx_word' id='word_1_166' title='bbox 604 2085 698 2127; x_wconf 83' lang='lat' dir='ltr'><strong>novus</strong></span> <span class='ocrx_word' id='word_1_167' title='bbox 710 2086 774 2142; x_wconf 87' lang='lat' dir='ltr'><strong>rex,</strong></span> <span class='ocrx_word' id='word_1_168' title='bbox 786 2067 886 2127; x_wconf 85' lang='lat' dir='ltr'><strong>omnis</strong></span> <span class='ocrx_word' id='word_1_169' title='bbox 898 2065 1015 2146; x_wconf 77' lang='lat' dir='ltr'><strong>injuriae</strong></span> <span class='ocrx_word' id='word_1_170' title='bbox 1025 2067 1140 2145; x_wconf 87' lang='lat' dir='ltr'><strong>insons,</strong></span> <span class='ocrx_word' id='word_1_171' title='bbox 1153 2086 1211 2129; x_wconf 87' lang='lat' dir='ltr'><strong>suo</strong></span> 
     </span>
     <span class='ocr_line' id='line_1_20' title="bbox 163 2151 1211 2235; baseline -0.002 -20"><span class='ocrx_word' id='word_1_172' title='bbox 163 2152 338 2217; x_wconf 84' lang='lat' dir='ltr'><strong>‘beneficio</strong></span> <span class='ocrx_word' id='word_1_173' title='bbox 362 2165 503 2235; x_wconf 76' lang='lat' dir='ltr'><strong>paternas</strong></span> <span class='ocrx_word' id='word_1_174' title='bbox 523 2152 692 2215; x_wconf 75' lang='lat' dir='ltr'><strong>simultates</strong></span> <span class='ocrx_word' id='word_1_175' title='bbox 714 2151 893 2230; x_wconf 87' lang='lat' dir='ltr'><strong>obliterans,</strong></span> <span class='ocrx_word' id='word_1_176' title='bbox 914 2152 1049 2213; x_wconf 86' lang='lat' dir='ltr'><strong>meruit?</strong></span> <span class='ocrx_word' id='word_1_177' title='bbox 1077 2173 1131 2213; x_wconf 92' lang='lat' dir='ltr'><strong>cur</strong></span> <span class='ocrx_word' id='word_1_178' title='bbox 1152 2151 1211 2213; x_wconf 85' lang='lat' dir='ltr'><strong>soli</strong></span> 
     </span>
     <span class='ocr_line' id='line_1_21' title="bbox 162 2236 1212 2318; baseline -0.005 -16"><span class='ocrx_word' id='word_1_179' title='bbox 162 2238 326 2303; x_wconf 87' lang='lat' dir='ltr'><strong>‘omnium</strong></span> <span class='ocrx_word' id='word_1_180' title='bbox 342 2240 444 2303; x_wconf 85' lang='lat' dir='ltr'><strong>hostes</strong></span> <span class='ocrx_word' id='word_1_181' title='bbox 465 2238 493 2299; x_wconf 93' lang='lat' dir='ltr'><strong>ei</strong></span> <span class='ocrx_word' id='word_1_182' title='bbox 514 2238 639 2299; x_wconf 84' lang='lat' dir='ltr'><strong>sumus?</strong></span> <span class='ocrx_word' id='word_1_183' title='bbox 685 2236 878 2318; x_wconf 85' lang='lat' dir='ltr'><strong>Quamquam</strong></span> <span class='ocrx_word' id='word_1_184' title='bbox 900 2250 934 2298; x_wconf 91' lang='lat' dir='ltr'><strong>et</strong></span> <span class='ocrx_word' id='word_1_185' title='bbox 947 2236 1023 2299; x_wconf 92' lang='lat' dir='ltr'><strong>illud</strong></span> <span class='ocrx_word' id='word_1_186' title='bbox 1038 2237 1140 2299; x_wconf 83' lang='lat' dir='ltr'><strong>dicere</strong></span> <span class='ocrx_word' id='word_1_187' title='bbox 1154 2256 1212 2318; x_wconf 91' lang='lat' dir='ltr'><strong>po·</strong></span> 
     </span>
     <span class='ocr_line' id='line_1_22' title="bbox 164 2320 1213 2405; baseline -0.005 -18"><span class='ocrx_word' id='word_1_188' title='bbox 164 2326 300 2401; x_wconf 67' lang='lat' dir='ltr'><strong>‘teram</strong></span> <span class='ocrx_word' id='word_1_189' title='bbox 325 2336 412 2387; x_wconf 87' lang='lat' dir='ltr'><strong>tanta</strong></span> <span class='ocrx_word' id='word_1_190' title='bbox 436 2325 570 2405; x_wconf 80' lang='lat' dir='ltr'><strong>priorum</strong></span> <span class='ocrx_word' id='word_1_191' title='bbox 590 2320 783 2385; x_wconf 75' lang='lat' dir='ltr'><strong>Macedonia</strong></span> <span class='ocrx_word' id='word_1_192' title='bbox 803 2343 909 2403; x_wconf 80' lang='lat' dir='ltr'><strong>regum</strong></span> <span class='ocrx_word' id='word_1_193' title='bbox 932 2323 1043 2385; x_wconf 83' lang='lat' dir='ltr'><strong>merita</strong></span> <span class='ocrx_word' id='word_1_194' title='bbox 1064 2343 1138 2403; x_wconf 83' lang='lat' dir='ltr'><strong>erga</strong></span> <span class='ocrx_word' id='word_1_195' title='bbox 1155 2342 1213 2383; x_wconf 85' lang='lat' dir='ltr'><strong>nos</strong></span> 
     </span>
    </p>

    <p class='ocr_par' dir='ltr' id='par_1_12' title="bbox 165 2404 1213 2497">
     <span class='ocr_line' id='line_1_23' title="bbox 165 2404 1213 2497; baseline -0.003 -26"><span class='ocrx_word' id='word_1_196' title='bbox 165 2404 177 2442; x_wconf 76' lang='lat'>‘</span> <span class='ocrx_word' id='word_1_197' title='bbox 193 2410 296 2489; x_wconf 85' lang='lat' dir='ltr'><strong>luisse,</strong></span> <span class='ocrx_word' id='word_1_198' title='bbox 311 2420 347 2473; x_wconf 88' lang='lat' dir='ltr'><strong>ut</strong></span> <span class='ocrx_word' id='word_1_199' title='bbox 361 2409 490 2490; x_wconf 86' lang='lat' dir='ltr'><strong>Philippi</strong></span> <span class='ocrx_word' id='word_1_200' title='bbox 504 2410 591 2497; x_wconf 79' lang='lat' dir='ltr'><strong>unius</strong></span> <span class='ocrx_word' id='word_1_201' title='bbox 607 2407 743 2490; x_wconf 81' lang='lat' dir='ltr'><strong>injurias,</strong></span> <span class='ocrx_word' id='word_1_202' title='bbox 757 2408 782 2469; x_wconf 85' lang='lat' dir='ltr'><strong>si</strong></span> <span class='ocrx_word' id='word_1_203' title='bbox 797 2428 863 2488; x_wconf 82' lang='lat' dir='ltr'><strong>quoe</strong></span> <span class='ocrx_word' id='word_1_204' title='bbox 878 2408 958 2471; x_wconf 82' lang='lat' dir='ltr'><strong>forte</strong></span> <span class='ocrx_word' id='word_1_205' title='bbox 973 2408 1104 2485; x_wconf 82' lang='lat' dir='ltr'><strong>fuerunt,</strong></span> <span class='ocrx_word' id='word_1_206' title='bbox 1118 2409 1140 2449; x_wconf 72' lang='lat'><strong>¹⁸</strong></span> <span class='ocrx_word' id='word_1_207' title='bbox 1151 2408 1213 2469; x_wconf 90' lang='lat' dir='ltr'><strong>uti·</strong></span> 
     </span>
    </p>

    <p class='ocr_par' dir='ltr' id='par_1_13' title="bbox 166 2491 1214 2578">
     <span class='ocr_line' id='line_1_24' title="bbox 166 2491 1214 2578; baseline -0.002 -21"><span class='ocrx_word' id='word_1_208' title='bbox 166 2494 179 2528; x_wconf 88' lang='lat'>‘</span> <span class='ocrx_word' id='word_1_209' title='bbox 195 2515 254 2576; x_wconf 88' lang='lat' dir='ltr'><strong>que</strong></span> <span class='ocrx_word' id='word_1_210' title='bbox 268 2508 340 2578; x_wconf 85' lang='lat' dir='ltr'><strong>post</strong></span> <span class='ocrx_word' id='word_1_211' title='bbox 352 2508 491 2559; x_wconf 87' lang='lat' dir='ltr'><strong>mortem.</strong></span> <span class='ocrx_word' id='word_1_212' title='bbox 534 2494 636 2565; x_wconf 88' lang='lat' dir='ltr'><strong>Quum</strong></span> <span class='ocrx_word' id='word_1_213' title='bbox 655 2494 759 2557; x_wconf 80' lang='lat' dir='ltr'><strong>classis</strong></span> <span class='ocrx_word' id='word_1_214' title='bbox 774 2494 915 2557; x_wconf 88' lang='lat' dir='ltr'><strong>Romana</strong></span> <span class='ocrx_word' id='word_1_215' title='bbox 929 2491 1094 2555; x_wconf 85' lang='lat' dir='ltr'><strong>Cenchreis</strong></span> <span class='ocrx_word' id='word_1_216' title='bbox 1106 2504 1214 2571; x_wconf 84' lang='lat' dir='ltr'><strong>staret,</strong></span> 
     </span>
    </p>

    <p class='ocr_par' dir='ltr' id='par_1_14' title="bbox 164 2580 1213 2752">
     <span class='ocr_line' id='line_1_25' title="bbox 165 2580 1213 2659; baseline -0.002 -15"><span class='ocrx_word' id='word_1_217' title='bbox 165 2580 178 2614; x_wconf 84' lang='lat'><em>⁴</em></span> <span class='ocrx_word' id='word_1_218' title='bbox 193 2582 300 2645; x_wconf 84' lang='lat' dir='ltr'><strong>consul</strong></span> <span class='ocrx_word' id='word_1_219' title='bbox 316 2602 386 2644; x_wconf 85' lang='lat' dir='ltr'><strong>curn</strong></span> <span class='ocrx_word' id='word_1_220' title='bbox 397 2581 528 2644; x_wconf 83' lang='lat' dir='ltr'><strong>exercitu</strong></span> <span class='ocrx_word' id='word_1_221' title='bbox 537 2580 647 2644; x_wconf 81' lang='lat' dir='ltr'><strong>Eletire</strong></span> <span class='ocrx_word' id='word_1_222' title='bbox 658 2592 748 2658; x_wconf 82' lang='lat' dir='ltr'><strong>esset,</strong></span> <span class='ocrx_word' id='word_1_223' title='bbox 761 2580 894 2643; x_wconf 89' lang='lat' dir='ltr'><strong>triduum</strong></span> <span class='ocrx_word' id='word_1_224' title='bbox 906 2581 938 2642; x_wconf 91' lang='lat' dir='ltr'><strong>in</strong></span> <span class='ocrx_word' id='word_1_225' title='bbox 949 2580 1080 2642; x_wconf 89' lang='lat' dir='ltr'><strong>concilio</strong></span> <span class='ocrx_word' id='word_1_226' title='bbox 1090 2580 1213 2659; x_wconf 80' lang='lat' dir='ltr'><strong>luimus,</strong></span> 
     </span>
     <span class='ocr_line' id='line_1_26' title="bbox 164 2665 1213 2752; baseline 0 -22"><span class='ocrx_word' id='word_1_227' title='bbox 164 2668 531 2752; x_wconf 66' lang='lat' dir='ltr'><strong>‘consummantium</strong></span> <span class='ocrx_word' id='word_1_228' title='bbox 557 2667 722 2745; x_wconf 85' lang='lat' dir='ltr'><strong>Romanos,</strong></span> <span class='ocrx_word' id='word_1_229' title='bbox 745 2688 782 2730; x_wconf 85' lang='lat' dir='ltr'><strong>an</strong></span> <span class='ocrx_word' id='word_1_230' title='bbox 801 2665 986 2750; x_wconf 84' lang='lat' dir='ltr'><strong>Philippum,</strong></span> <span class='ocrx_word' id='word_1_231' title='bbox 1009 2688 1213 2748; x_wconf 77' lang='lat' dir='ltr'><strong>sequeremur.</strong></span> 
     </span>
    </p>

    <p class='ocr_par' dir='ltr' id='par_1_15' title="bbox 163 2751 1212 2836">
     <span class='ocr_line' id='line_1_27' title="bbox 163 2751 1212 2836; baseline -0.002 -20"><span class='ocrx_word' id='word_1_232' title='bbox 163 2754 174 2786; x_wconf 94' lang='lat'>‘</span> <span class='ocrx_word' id='word_1_233' title='bbox 190 2753 609 2836; x_wconf 77' lang='lat' dir='ltr'><strong>¹⁶Nonnibilmetusprteseus</strong></span> <span class='ocrx_word' id='word_1_234' title='bbox 619 2751 983 2826; x_wconf 83' lang='lat' dir='ltr'><strong>abRomanisseutentias</strong></span> <span class='ocrx_word' id='word_1_235' title='bbox 992 2765 1111 2816; x_wconf 87' lang='lat' dir='ltr'><strong>nostres</strong></span> <span class='ocrx_word' id='word_1_236' title='bbox 1122 2753 1212 2816; x_wconf 81' lang='lat' dir='ltr'><strong>incli-</strong></span> 
     </span>
    </p>
   </div>
   <div class='ocr_carea' id='block_1_3' title="bbox 548 2883 825 2947">
    <p class='ocr_par' dir='ltr' id='par_1_16' title="bbox 548 2883 825 2947">
     <span class='ocr_line' id='line_1_28' title="bbox 548 2883 825 2947; baseline 0.004 -14"><span class='ocrx_word' id='word_1_237' title='bbox 548 2884 661 2947; x_wconf 77' lang='lat' dir='ltr'><strong>bncesptos</strong></span> <span class='ocrx_word' id='word_1_238' title='bbox 670 2883 744 2934; x_wconf 87' lang='lat' dir='ltr'><strong>Gron.</strong></span> <span class='ocrx_word' id='word_1_239' title='bbox 755 2883 825 2934; x_wconf 76' lang='lat' dir='ltr'><strong>Cres.</strong></span> 
     </span>
    </p>
   </div>
   <div class='ocr_carea' id='block_1_4' title="bbox 165 2997 1216 4552">
    <p class='ocr_par' dir='ltr' id='par_1_17' title="bbox 165 2997 1211 3193">
     <span class='ocr_line' id='line_1_29' title="bbox 165 2997 1211 3063; baseline -0.002 -13"><span class='ocrx_word' id='word_1_240' title='bbox 165 3001 243 3050; x_wconf 83' lang='lat' dir='ltr'><strong>Nemo</strong></span> <span class='ocrx_word' id='word_1_241' title='bbox 261 3013 299 3048; x_wconf 82' lang='lat' dir='ltr'><strong>est</strong></span> <span class='ocrx_word' id='word_1_242' title='bbox 315 3001 371 3062; x_wconf 86' lang='lat' dir='ltr'><strong>quin</strong></span> <span class='ocrx_word' id='word_1_243' title='bbox 386 2999 462 3048; x_wconf 78' lang='lat' dir='ltr'><strong>rideat</strong></span> <span class='ocrx_word' id='word_1_244' title='bbox 480 2999 606 3052; x_wconf 86' lang='lat' dir='ltr'><strong>tollendum</strong></span> <span class='ocrx_word' id='word_1_245' title='bbox 623 3015 672 3048; x_wconf 85' lang='lat' dir='ltr'><strong>esse</strong></span> <span class='ocrx_word' id='word_1_246' title='bbox 705 3011 739 3046; x_wconf 80' lang='lat' dir='ltr'><strong>tra</strong></span> <span class='ocrx_word' id='word_1_247' title='bbox 758 2997 927 3055; x_wconf 75' lang='lat' dir='ltr'><strong>Macedoniam,</strong></span> <span class='ocrx_word' id='word_1_248' title='bbox 942 3015 994 3062; x_wconf 78' lang='lat' dir='ltr'><strong>quae</strong></span> <span class='ocrx_word' id='word_1_249' title='bbox 1010 2998 1079 3063; x_wconf 75' lang='lat' dir='ltr'><strong>paulo</strong></span> <span class='ocrx_word' id='word_1_250' title='bbox 1096 3011 1150 3048; x_wconf 83' lang='lat' dir='ltr'><strong>ente</strong></span> <span class='ocrx_word' id='word_1_251' title='bbox 1166 3013 1211 3048; x_wconf 86' lang='lat' dir='ltr'><strong>no-</strong></span> 
     </span>
     <span class='ocr_line' id='line_1_30' title="bbox 165 3063 1210 3125; baseline -0.002 -11"><span class='ocrx_word' id='word_1_252' title='bbox 165 3065 291 3114; x_wconf 86' lang='lat' dir='ltr'><strong>secnndunt</strong></span> <span class='ocrx_word' id='word_1_253' title='bbox 313 3065 370 3112; x_wconf 89' lang='lat' dir='ltr'><strong>illud</strong></span> <span class='ocrx_word' id='word_1_254' title='bbox 391 3063 477 3120; x_wconf 83' lang='lat' dir='ltr'><strong>Persen,</strong></span> <span class='ocrx_word' id='word_1_255' title='bbox 493 3077 541 3111; x_wconf 85' lang='lat' dir='ltr'><strong>tem</strong></span> <span class='ocrx_word' id='word_1_256' title='bbox 561 3065 673 3114; x_wconf 85' lang='lat' dir='ltr'><strong>inutiliter</strong></span> <span class='ocrx_word' id='word_1_257' title='bbox 705 3065 791 3111; x_wconf 79' lang='lat' dir='ltr'><strong>minata</strong></span> <span class='ocrx_word' id='word_1_258' title='bbox 803 3075 847 3123; x_wconf 88' lang='lat' dir='ltr'><strong>est,</strong></span> <span class='ocrx_word' id='word_1_259' title='bbox 862 3064 900 3111; x_wconf 86' lang='lat' dir='ltr'><strong>sel</strong></span> <span class='ocrx_word' id='word_1_260' title='bbox 910 3064 1083 3125; x_wconf 74' lang='lat' dir='ltr'><strong>intelligendum</strong></span> <span class='ocrx_word' id='word_1_261' title='bbox 1093 3073 1169 3112; x_wconf 79' lang='lat' dir='ltr'><strong>metro</strong></span> <span class='ocrx_word' id='word_1_262' title='bbox 1183 3081 1210 3112; x_wconf 81' lang='lat' dir='ltr'><strong>en</strong></span> 
     </span>
     <span class='ocr_line' id='line_1_31' title="bbox 166 3129 813 3193; baseline -0.005 -15"><span class='ocrx_word' id='word_1_263' title='bbox 166 3131 277 3178; x_wconf 85' lang='lat' dir='ltr'><strong>etodiose</strong></span> <span class='ocrx_word' id='word_1_264' title='bbox 293 3133 426 3192; x_wconf 82' lang='lat' dir='ltr'><strong>repetitum.</strong></span> <span class='ocrx_word' id='word_1_265' title='bbox 459 3131 589 3177; x_wconf 78' lang='lat' dir='ltr'><strong>Admodum</strong></span> <span class='ocrx_word' id='word_1_266' title='bbox 603 3129 672 3177; x_wconf 86' lang='lat' dir='ltr'><strong>etisrn</strong></span> <span class='ocrx_word' id='word_1_267' title='bbox 705 3129 813 3193; x_wconf 80' lang='lat' dir='ltr'><strong>pericula.</strong></span> 
     </span>
    </p>

    <p class='ocr_par' dir='ltr' id='par_1_18' title="bbox 165 3189 1212 3710">
     <span class='ocr_line' id='line_1_32' title="bbox 167 3189 1211 3258; baseline -0.002 -16"><span class='ocrx_word' id='word_1_268' title='bbox 167 3195 288 3244; x_wconf 75' lang='lat' dir='ltr'><strong>eet&#39;uimile</strong></span> <span class='ocrx_word' id='word_1_269' title='bbox 299 3207 379 3252; x_wconf 64' lang='lat' dir='ltr'><strong>estes</strong></span> <span class='ocrx_word' id='word_1_270' title='bbox 390 3211 442 3257; x_wconf 76' lang='lat' dir='ltr'><strong>que</strong></span> <span class='ocrx_word' id='word_1_271' title='bbox 452 3196 583 3258; x_wconf 75' lang='lat' dir='ltr'><strong>precedunt</strong></span> <span class='ocrx_word' id='word_1_272' title='bbox 595 3195 673 3242; x_wconf 75' lang='lat' dir='ltr'><strong>sitista</strong></span> <span class='ocrx_word' id='word_1_273' title='bbox 740 3193 759 3226; x_wconf 78' lang='lat'><strong>¹⁵</strong></span> <span class='ocrx_word' id='word_1_274' title='bbox 774 3193 818 3240; x_wconf 85' lang='lat' dir='ltr'><strong>Sed</strong></span> <span class='ocrx_word' id='word_1_275' title='bbox 833 3210 908 3242; x_wconf 80' lang='lat' dir='ltr'><strong>stenes</strong></span> <span class='ocrx_word' id='word_1_276' title='bbox 923 3209 983 3256; x_wconf 76' lang='lat' dir='ltr'><strong>eque</strong></span> <span class='ocrx_word' id='word_1_277' title='bbox 996 3193 1086 3254; x_wconf 55' lang='grc' dir='ltr'><strong>ηιξκιε·</strong></span> <span class='ocrx_word' id='word_1_278' title='bbox 1099 3206 1128 3238; x_wconf 79' lang='lat' dir='ltr'><strong>ae</strong></span> <span class='ocrx_word' id='word_1_279' title='bbox 1143 3189 1211 3240; x_wconf 72' lang='lat' dir='ltr'><strong>me·</strong></span> 
     </span>
     <span class='ocr_line' id='line_1_33' title="bbox 169 3255 1210 3322; baseline -0.004 -16"><span class='ocrx_word' id='word_1_280' title='bbox 169 3274 229 3307; x_wconf 86' lang='lat' dir='ltr'><strong>esse.</strong></span> <span class='ocrx_word' id='word_1_281' title='bbox 262 3260 382 3322; x_wconf 72' lang='lat' dir='ltr'><strong>Nusquam</strong></span> <span class='ocrx_word' id='word_1_282' title='bbox 394 3260 456 3308; x_wconf 86' lang='lat' dir='ltr'><strong>enim</strong></span> <span class='ocrx_word' id='word_1_283' title='bbox 468 3271 618 3308; x_wconf 75' lang='lat' dir='ltr'><strong>memoratum</strong></span> <span class='ocrx_word' id='word_1_284' title='bbox 631 3272 675 3316; x_wconf 87' lang='lat' dir='ltr'><strong>est,</strong></span> <span class='ocrx_word' id='word_1_285' title='bbox 704 3259 746 3304; x_wconf 80' lang='lat' dir='ltr'><strong>seli</strong></span> <span class='ocrx_word' id='word_1_286' title='bbox 768 3255 887 3320; x_wconf 77' lang='lat' dir='ltr'><strong>AEmlr&#39;qus]</strong></span> <span class='ocrx_word' id='word_1_287' title='bbox 914 3257 979 3304; x_wconf 80' lang='lat' dir='ltr'><strong>Petet</strong></span> <span class='ocrx_word' id='word_1_288' title='bbox 998 3272 1029 3304; x_wconf 82' lang='lat' dir='ltr'><strong>ex</strong></span> <span class='ocrx_word' id='word_1_289' title='bbox 1049 3257 1077 3303; x_wconf 91' lang='lat' dir='ltr'><strong>iis</strong></span> <span class='ocrx_word' id='word_1_290' title='bbox 1098 3272 1151 3316; x_wconf 80' lang='lat' dir='ltr'><strong>quae</strong></span> <span class='ocrx_word' id='word_1_291' title='bbox 1171 3270 1210 3302; x_wconf 90' lang='lat' dir='ltr'><strong>se-</strong></span> 
     </span>
     <span class='ocr_line' id='line_1_34' title="bbox 170 3318 1211 3384; baseline -0.005 -14"><span class='ocrx_word' id='word_1_292' title='bbox 170 3336 198 3370; x_wconf 92' lang='lat' dir='ltr'><strong>ut</strong></span> <span class='ocrx_word' id='word_1_293' title='bbox 216 3321 318 3371; x_wconf 81' lang='lat' dir='ltr'><strong>observet</strong></span> <span class='ocrx_word' id='word_1_294' title='bbox 340 3324 479 3380; x_wconf 83' lang='lat' dir='ltr'><strong>Gronovius,</strong></span> <span class='ocrx_word' id='word_1_295' title='bbox 496 3323 578 3372; x_wconf 80' lang='lat' dir='ltr'><strong>Persen</strong></span> <span class='ocrx_word' id='word_1_296' title='bbox 595 3325 673 3372; x_wconf 88' lang='lat' dir='ltr'><strong>statim</strong></span> <span class='ocrx_word' id='word_1_297' title='bbox 706 3333 818 3384; x_wconf 90' lang='lat' dir='ltr'><strong>quuntur,</strong></span> <span class='ocrx_word' id='word_1_298' title='bbox 834 3324 878 3382; x_wconf 80' lang='lat' dir='ltr'><strong>legi</strong></span> <span class='ocrx_word' id='word_1_299' title='bbox 891 3323 973 3369; x_wconf 89' lang='lat' dir='ltr'><strong>debere</strong></span> <span class='ocrx_word' id='word_1_300' title='bbox 987 3321 1128 3380; x_wconf 75' lang='lat' dir='ltr'><strong>Epirotequs.</strong></span> <span class='ocrx_word' id='word_1_301' title='bbox 1161 3318 1211 3366; x_wconf 88' lang='lat' dir='ltr'><strong>Ce-</strong></span> 
     </span>
     <span class='ocr_line' id='line_1_35' title="bbox 170 3384 1211 3450; baseline -0.007 -14"><span class='ocrx_word' id='word_1_302' title='bbox 170 3403 241 3450; x_wconf 74' lang='lat' dir='ltr'><strong>regno</strong></span> <span class='ocrx_word' id='word_1_303' title='bbox 258 3401 350 3450; x_wconf 80' lang='lat' dir='ltr'><strong>aotepm</strong></span> <span class='ocrx_word' id='word_1_304' title='bbox 360 3390 388 3440; x_wconf 89' lang='lat' dir='ltr'><strong>ed</strong></span> <span class='ocrx_word' id='word_1_305' title='bbox 404 3389 490 3449; x_wconf 73' lang='lat' dir='ltr'><strong>legatos</strong></span> <span class='ocrx_word' id='word_1_306' title='bbox 506 3387 621 3436; x_wconf 77' lang='lat' dir='ltr'><strong>Romanos</strong></span> <span class='ocrx_word' id='word_1_307' title='bbox 631 3403 672 3435; x_wconf 82' lang='lat' dir='ltr'><strong>se·</strong></span> <span class='ocrx_word' id='word_1_308' title='bbox 705 3399 781 3433; x_wconf 85' lang='lat' dir='ltr'><strong>terum</strong></span> <span class='ocrx_word' id='word_1_309' title='bbox 793 3387 844 3434; x_wconf 77' lang='lat' dir='ltr'><strong>bec</strong></span> <span class='ocrx_word' id='word_1_310' title='bbox 858 3387 889 3432; x_wconf 84' lang='lat' dir='ltr'><strong>irs</strong></span> <span class='ocrx_word' id='word_1_311' title='bbox 906 3384 1130 3443; x_wconf 72' lang='lat' dir='ltr'><strong>intelligendarum,</strong></span> <span class='ocrx_word' id='word_1_312' title='bbox 1144 3393 1171 3430; x_wconf 89' lang='lat' dir='ltr'><strong>ut</strong></span> <span class='ocrx_word' id='word_1_313' title='bbox 1181 3398 1211 3430; x_wconf 89' lang='lat' dir='ltr'><strong>ee</strong></span> 
     </span>
     <span class='ocr_line' id='line_1_36' title="bbox 167 3447 1211 3526; baseline -0.005 -25"><span class='ocrx_word' id='word_1_314' title='bbox 167 3453 236 3510; x_wconf 62' lang='lat' dir='ltr'><strong>smne,</strong></span> <span class='ocrx_word' id='word_1_315' title='bbox 247 3454 289 3500; x_wconf 83' lang='lat' dir='ltr'><strong>red</strong></span> <span class='ocrx_word' id='word_1_316' title='bbox 299 3454 384 3514; x_wconf 70' lang='lat' dir='ltr'><strong>legetur</strong></span> <span class='ocrx_word' id='word_1_317' title='bbox 398 3453 496 3502; x_wconf 85' lang='lat' dir='ltr'><strong>llornem</strong></span> <span class='ocrx_word' id='word_1_318' title='bbox 515 3453 608 3504; x_wconf 81' lang='lat' dir='ltr'><strong>misisse.</strong></span> <span class='ocrx_word' id='word_1_319' title='bbox 641 3453 673 3500; x_wconf 85' lang='lat' dir='ltr'><strong>Et</strong></span> <span class='ocrx_word' id='word_1_320' title='bbox 705 3450 768 3496; x_wconf 84' lang='lat' dir='ltr'><strong>Areo</strong></span> <span class='ocrx_word' id='word_1_321' title='bbox 783 3449 824 3496; x_wconf 88' lang='lat' dir='ltr'><strong>sibi</strong></span> <span class='ocrx_word' id='word_1_322' title='bbox 839 3450 1000 3526; x_wconf 71' lang='lat' dir='ltr'><strong>ipsepbjiciet,</strong></span> <span class='ocrx_word' id='word_1_323' title='bbox 1014 3465 1042 3495; x_wconf 85' lang='lat' dir='ltr'><strong>sc</strong></span> <span class='ocrx_word' id='word_1_324' title='bbox 1056 3447 1113 3494; x_wconf 88' lang='lat' dir='ltr'><strong>dum</strong></span> <span class='ocrx_word' id='word_1_325' title='bbox 1128 3447 1211 3511; x_wconf 72' lang='lat' dir='ltr'><strong>objicis</strong></span> 
     </span>
     <span class='ocr_line' id='line_1_37' title="bbox 165 3511 1212 3644; baseline -0.004 -14"><span class='ocrx_word' id='word_1_326' title='bbox 165 3519 467 3631; x_wconf 56' lang='lat' dir='ltr'><strong>{litt‘mtttl‘lt</strong></span> <span class='ocrx_word' id='word_1_327' title='bbox 480 3519 672 3644; x_wconf 54' lang='lat' dir='ltr'><strong>titini?</strong></span> <span class='ocrx_word' id='word_1_328' title='bbox 705 3511 828 3638; x_wconf 59' lang='lat' dir='ltr'><strong>tillio.</strong></span> <span class='ocrx_word' id='word_1_329' title='bbox 843 3513 1212 3642; x_wconf 48' lang='lat' dir='ltr'><strong>infitiandi&amp;</strong></span> 
     </span>
     <span class='ocr_line' id='line_1_38' title="bbox 167 3641 860 3710; baseline -0.006 -15"><span class='ocrx_word' id='word_1_330' title='bbox 167 3650 238 3695; x_wconf 78' lang='lat' dir='ltr'><strong>disens</strong></span> <span class='ocrx_word' id='word_1_331' title='bbox 252 3649 333 3710; x_wconf 76' lang='lat' dir='ltr'><strong>legatos</strong></span> <span class='ocrx_word' id='word_1_332' title='bbox 352 3641 457 3695; x_wconf 73' lang='lat' dir='ltr'><strong>Romanos</strong></span> <span class='ocrx_word' id='word_1_333' title='bbox 473 3649 559 3694; x_wconf 80' lang='lat' dir='ltr'><strong>senisse.</strong></span> <span class='ocrx_word' id='word_1_334' title='bbox 592 3647 673 3708; x_wconf 85' lang='lat' dir='ltr'><strong>lttqne</strong></span> <span class='ocrx_word' id='word_1_335' title='bbox 706 3643 752 3689; x_wconf 80' lang='lat' dir='ltr'><strong>tius</strong></span> <span class='ocrx_word' id='word_1_336' title='bbox 762 3641 860 3701; x_wconf 75' lang='lat' dir='ltr'><strong>mspecti.</strong></span> 
     </span>
    </p>

    <p class='ocr_par' dir='ltr' id='par_1_19' title="bbox 165 3705 1216 4552">
     <span class='ocr_line' id='line_1_39' title="bbox 165 3705 1212 3772; baseline -0.006 -12"><span class='ocrx_word' id='word_1_337' title='bbox 165 3723 228 3760; x_wconf 82' lang='lat' dir='ltr'><strong>recte</strong></span> <span class='ocrx_word' id='word_1_338' title='bbox 252 3711 345 3760; x_wconf 81' lang='lat' dir='ltr'><strong>sidetm</strong></span> <span class='ocrx_word' id='word_1_339' title='bbox 364 3712 425 3762; x_wconf 86' lang='lat' dir='ltr'><strong>bunc</strong></span> <span class='ocrx_word' id='word_1_340' title='bbox 450 3713 526 3760; x_wconf 87' lang='lat' dir='ltr'><strong>locum</strong></span> <span class='ocrx_word' id='word_1_341' title='bbox 551 3712 674 3760; x_wconf 78' lang='lat' dir='ltr'><strong>emendete</strong></span> <span class='ocrx_word' id='word_1_342' title='bbox 740 3705 760 3772; x_wconf 66' lang='lat'><strong>{⁶</strong></span> <span class='ocrx_word' id='word_1_343' title='bbox 779 3705 886 3753; x_wconf 71' lang='lat' dir='ltr'><strong>lr&#39;onnilss&#39;i</strong></span> <span class='ocrx_word' id='word_1_344' title='bbox 912 3715 981 3753; x_wconf 82' lang='lat' dir='ltr'><strong>metus</strong></span> <span class='ocrx_word' id='word_1_345' title='bbox 999 3721 1093 3766; x_wconf 80' lang='lat' dir='ltr'><strong>presses</strong></span> <span class='ocrx_word' id='word_1_346' title='bbox 1113 3707 1141 3752; x_wconf 82' lang='lat' dir='ltr'><strong>eb</strong></span> <span class='ocrx_word' id='word_1_347' title='bbox 1164 3705 1212 3754; x_wconf 86' lang='lat' dir='ltr'><strong>llo·</strong></span> 
     </span>
     <span class='ocr_line' id='line_1_40' title="bbox 169 3769 1213 3833; baseline -0.006 -10"><span class='ocrx_word' id='word_1_348' title='bbox 169 3775 299 3824; x_wconf 78' lang='lat' dir='ltr'><strong>Gronovius</strong></span> <span class='ocrx_word' id='word_1_349' title='bbox 306 3779 351 3824; x_wconf 83' lang='lat' dir='ltr'><strong>hoc</strong></span> <span class='ocrx_word' id='word_1_350' title='bbox 359 3779 441 3826; x_wconf 89' lang='lat' dir='ltr'><strong>modo:</strong></span> <span class='ocrx_word' id='word_1_351' title='bbox 454 3778 487 3824; x_wconf 84' lang='lat' dir='ltr'><strong>Ac</strong></span> <span class='ocrx_word' id='word_1_352' title='bbox 496 3779 575 3824; x_wconf 83' lang='lat' dir='ltr'><strong>scimus</strong></span> <span class='ocrx_word' id='word_1_353' title='bbox 587 3773 673 3833; x_wconf 68' lang='lat' dir='ltr'><strong>Perna,</strong></span> <span class='ocrx_word' id='word_1_354' title='bbox 706 3771 786 3832; x_wconf 68' lang='lat' dir='ltr'><strong>orauit]</strong></span> <span class='ocrx_word' id='word_1_355' title='bbox 807 3771 857 3818; x_wconf 89' lang='lat' dir='ltr'><strong>lmo</strong></span> <span class='ocrx_word' id='word_1_356' title='bbox 872 3769 939 3827; x_wconf 73' lang='lat' dir='ltr'><strong>nme,</strong></span> <span class='ocrx_word' id='word_1_357' title='bbox 957 3782 983 3820; x_wconf 92' lang='lat' dir='ltr'><strong>ut</strong></span> <span class='ocrx_word' id='word_1_358' title='bbox 999 3781 1063 3816; x_wconf 89' lang='lat' dir='ltr'><strong>recte</strong></span> <span class='ocrx_word' id='word_1_359' title='bbox 1075 3781 1154 3818; x_wconf 87' lang='lat' dir='ltr'><strong>mosset</strong></span> <span class='ocrx_word' id='word_1_360' title='bbox 1166 3771 1213 3817; x_wconf 84' lang='lat' dir='ltr'><strong>l&#39;e-</strong></span> 
     </span>
     <span class='ocr_line' id='line_1_41' title="bbox 167 3833 1212 3911; baseline -0.01 -21"><span class='ocrx_word' id='word_1_361' title='bbox 167 3856 233 3904; x_wconf 80' lang='lat' dir='ltr'><strong>rrgno</strong></span> <span class='ocrx_word' id='word_1_362' title='bbox 246 3851 342 3902; x_wconf 72' lang='lat' dir='ltr'><strong>sermm,</strong></span> <span class='ocrx_word' id='word_1_363' title='bbox 357 3843 436 3906; x_wconf 81' lang='lat' dir='ltr'><strong>legatos</strong></span> <span class='ocrx_word' id='word_1_364' title='bbox 447 3839 535 3888; x_wconf 80' lang='lat' dir='ltr'><strong>lienum</strong></span> <span class='ocrx_word' id='word_1_365' title='bbox 545 3841 632 3900; x_wconf 74' lang='lat' dir='ltr'><strong>nuiss,</strong></span> <span class='ocrx_word' id='word_1_366' title='bbox 648 3855 674 3886; x_wconf 83' lang='lat' dir='ltr'><strong>oc</strong></span> <span class='ocrx_word' id='word_1_367' title='bbox 707 3837 815 3883; x_wconf 81' lang='lat' dir='ltr'><strong>rizonius.</strong></span> <span class='ocrx_word' id='word_1_368' title='bbox 848 3836 910 3882; x_wconf 82' lang='lat' dir='ltr'><strong>Areo</strong></span> <span class='ocrx_word' id='word_1_369' title='bbox 926 3835 974 3884; x_wconf 83' lang='lat' dir='ltr'><strong>vult</strong></span> <span class='ocrx_word' id='word_1_370' title='bbox 986 3833 1080 3910; x_wconf 77' lang='lat' dir='ltr'><strong>intelligi</strong></span> <span class='ocrx_word' id='word_1_371' title='bbox 1093 3835 1212 3911; x_wconf 75' lang='lat' dir='ltr'><strong>Romano-</strong></span> 
     </span>
     <span class='ocr_line' id='line_1_42' title="bbox 168 3898 1213 4045; baseline -0.005 -28"><span class='ocrx_word' id='word_1_372' title='bbox 168 3905 675 4045; x_wconf 48' lang='lat' dir='ltr'><strong>mmaqq</strong></span> <span class='ocrx_word' id='word_1_373' title='bbox 707 3898 1213 3962; x_wconf 50' lang='lat' dir='ltr'><strong>mmm·</strong></span> 
     </span>
     <span class='ocr_line' id='line_1_43' title="bbox 171 4028 1213 4096; baseline 0 -18"><span class='ocrx_word' id='word_1_374' title='bbox 171 4031 308 4081; x_wconf 73' lang='lat' dir='ltr'><strong>Gronovius.</strong></span> <span class='ocrx_word' id='word_1_375' title='bbox 342 4031 390 4081; x_wconf 88' lang='lat' dir='ltr'><strong>Sed</strong></span> <span class='ocrx_word' id='word_1_376' title='bbox 409 4051 427 4081; x_wconf 85' lang='lat' dir='ltr'><strong>st</strong></span> <span class='ocrx_word' id='word_1_377' title='bbox 443 4033 482 4081; x_wconf 86' lang='lat' dir='ltr'><strong>ills</strong></span> <span class='ocrx_word' id='word_1_378' title='bbox 497 4049 544 4081; x_wconf 89' lang='lat' dir='ltr'><strong>nou</strong></span> <span class='ocrx_word' id='word_1_379' title='bbox 560 4033 674 4096; x_wconf 81' lang='lat' dir='ltr'><strong>exprime·</strong></span> <span class='ocrx_word' id='word_1_380' title='bbox 708 4029 860 4078; x_wconf 80' lang='lat' dir='ltr'><strong>deliberarent</strong></span> <span class='ocrx_word' id='word_1_381' title='bbox 871 4029 959 4086; x_wconf 78' lang='lat' dir='ltr'><strong>Achtei,</strong></span> <span class='ocrx_word' id='word_1_382' title='bbox 973 4030 997 4075; x_wconf 91' lang='lat' dir='ltr'><strong>in</strong></span> <span class='ocrx_word' id='word_1_383' title='bbox 1010 4028 1213 4093; x_wconf 56' lang='lat' dir='ltr'><strong>eructassem</strong></span> 
     </span>
     <span class='ocr_line' id='line_1_44' title="bbox 170 4094 1213 4160; baseline -0.002 -16"><span class='ocrx_word' id='word_1_384' title='bbox 170 4107 217 4154; x_wconf 89' lang='lat' dir='ltr'><strong>tur,</strong></span> <span class='ocrx_word' id='word_1_385' title='bbox 225 4099 293 4147; x_wconf 89' lang='lat' dir='ltr'><strong>debet</strong></span> <span class='ocrx_word' id='word_1_386' title='bbox 309 4099 413 4159; x_wconf 72' lang='lat' dir='ltr'><strong>intelligi.</strong></span> <span class='ocrx_word' id='word_1_387' title='bbox 445 4097 584 4160; x_wconf 64' lang='lat' dir='ltr'><strong>Quidigimr</strong></span> <span class='ocrx_word' id='word_1_388' title='bbox 595 4113 675 4147; x_wconf 69' lang='lat' dir='ltr'><strong>umes·</strong></span> <span class='ocrx_word' id='word_1_389' title='bbox 708 4097 736 4143; x_wconf 86' lang='lat' dir='ltr'><strong>sd</strong></span> <span class='ocrx_word' id='word_1_390' title='bbox 747 4096 797 4144; x_wconf 85' lang='lat' dir='ltr'><strong>illos</strong></span> <span class='ocrx_word' id='word_1_391' title='bbox 815 4094 949 4142; x_wconf 71' lang='lat' dir='ltr'><strong>inclinarent</strong></span> <span class='ocrx_word' id='word_1_392' title='bbox 965 4094 1145 4142; x_wconf 79' lang='lat' dir='ltr'><strong>rmsultemiurn</strong></span> <span class='ocrx_word' id='word_1_393' title='bbox 1159 4096 1213 4142; x_wconf 80' lang='lat' dir='ltr'><strong>eni·</strong></span> 
     </span>
     <span class='ocr_line' id='line_1_45' title="bbox 168 4159 1213 4226; baseline -0.002 -16"><span class='ocrx_word' id='word_1_394' title='bbox 168 4177 193 4210; x_wconf 84' lang='lat' dir='ltr'><strong>se</strong></span> <span class='ocrx_word' id='word_1_395' title='bbox 209 4174 246 4212; x_wconf 87' lang='lat' dir='ltr'><strong>est</strong></span> <span class='ocrx_word' id='word_1_396' title='bbox 263 4179 315 4212; x_wconf 86' lang='lat' dir='ltr'><strong>eser</strong></span> <span class='ocrx_word' id='word_1_397' title='bbox 331 4164 415 4222; x_wconf 89' lang='lat' dir='ltr'><strong>deleri,</strong></span> <span class='ocrx_word' id='word_1_398' title='bbox 429 4163 448 4210; x_wconf 88' lang='lat' dir='ltr'><strong>si</strong></span> <span class='ocrx_word' id='word_1_399' title='bbox 464 4163 554 4226; x_wconf 82' lang='lat' dir='ltr'><strong>qurndo</strong></span> <span class='ocrx_word' id='word_1_400' title='bbox 570 4162 675 4226; x_wconf 74' lang='lat' dir='ltr'><strong>exprimi·</strong></span> <span class='ocrx_word' id='word_1_401' title='bbox 708 4162 748 4210; x_wconf 86' lang='lat' dir='ltr'><strong>mi.</strong></span> <span class='ocrx_word' id='word_1_402' title='bbox 789 4160 837 4208; x_wconf 87' lang='lat' dir='ltr'><strong>Sed</strong></span> <span class='ocrx_word' id='word_1_403' title='bbox 858 4160 949 4215; x_wconf 87' lang='lat' dir='ltr'><strong>demus,</strong></span> <span class='ocrx_word' id='word_1_404' title='bbox 974 4159 1058 4224; x_wconf 69' lang='lat' dir='ltr'><strong>inquit,</strong></span> <span class='ocrx_word' id='word_1_405' title='bbox 1077 4159 1135 4208; x_wconf 85' lang='lat' dir='ltr'><strong>nibil</strong></span> <span class='ocrx_word' id='word_1_406' title='bbox 1156 4171 1213 4208; x_wconf 82' lang='lat' dir='ltr'><strong>tuce</strong></span> 
     </span>
     <span class='ocr_line' id='line_1_46' title="bbox 167 4221 1215 4288; baseline -0.003 -13"><span class='ocrx_word' id='word_1_407' title='bbox 167 4230 225 4275; x_wconf 83' lang='lat' dir='ltr'><strong>tur?</strong></span> <span class='ocrx_word' id='word_1_408' title='bbox 261 4229 317 4277; x_wconf 71' lang='lat' dir='ltr'><strong>uec</strong></span> <span class='ocrx_word' id='word_1_409' title='bbox 329 4229 548 4284; x_wconf 60' lang='lat' dir='ltr'><strong>videmnucurnoo</strong></span> <span class='ocrx_word' id='word_1_410' title='bbox 557 4229 674 4276; x_wconf 81' lang='lat' dir='ltr'><strong>temdiee-</strong></span> <span class='ocrx_word' id='word_1_411' title='bbox 707 4224 802 4274; x_wconf 81' lang='lat' dir='ltr'><strong>saluisse</strong></span> <span class='ocrx_word' id='word_1_412' title='bbox 822 4235 909 4270; x_wconf 84' lang='lat' dir='ltr'><strong>metum</strong></span> <span class='ocrx_word' id='word_1_413' title='bbox 931 4221 1003 4273; x_wconf 86' lang='lat' dir='ltr'><strong>illurn.</strong></span> <span class='ocrx_word' id='word_1_414' title='bbox 1035 4226 1107 4272; x_wconf 84' lang='lat' dir='ltr'><strong>Certe</strong></span> <span class='ocrx_word' id='word_1_415' title='bbox 1125 4225 1215 4288; x_wconf 76' lang='lat' dir='ltr'><strong>aliquid</strong></span> 
     </span>
     <span class='ocr_line' id='line_1_47' title="bbox 168 4288 1215 4355; baseline 0 -17"><span class='ocrx_word' id='word_1_416' title='bbox 168 4306 219 4341; x_wconf 85' lang='lat' dir='ltr'><strong>reus</strong></span> <span class='ocrx_word' id='word_1_417' title='bbox 246 4302 323 4342; x_wconf 74' lang='lat' dir='ltr'><strong>emm</strong></span> <span class='ocrx_word' id='word_1_418' title='bbox 345 4309 380 4350; x_wconf 79' lang='lat' dir='ltr'><strong>ee,</strong></span> <span class='ocrx_word' id='word_1_419' title='bbox 403 4309 473 4355; x_wconf 85' lang='lat' dir='ltr'><strong>quem</strong></span> <span class='ocrx_word' id='word_1_420' title='bbox 497 4303 609 4354; x_wconf 63' lang='lat' dir='ltr'><strong>mern,</strong></span> <span class='ocrx_word' id='word_1_421' title='bbox 635 4303 675 4342; x_wconf 83' lang='lat' dir='ltr'><strong>sut</strong></span> <span class='ocrx_word' id='word_1_422' title='bbox 708 4288 850 4344; x_wconf 81' lang='lat' dir='ltr'><strong>temeniuit,</strong></span> <span class='ocrx_word' id='word_1_423' title='bbox 864 4291 922 4350; x_wconf 89' lang='lat' dir='ltr'><strong>quod</strong></span> <span class='ocrx_word' id='word_1_424' title='bbox 934 4300 981 4336; x_wconf 85' lang='lat' dir='ltr'><strong>tem</strong></span> <span class='ocrx_word' id='word_1_425' title='bbox 997 4289 1215 4350; x_wconf 68' lang='lat' dir='ltr'><strong>lougsmdelibese·</strong></span> 
     </span>
     <span class='ocr_line' id='line_1_48' title="bbox 169 4353 1215 4422; baseline -0.001 -17"><span class='ocrx_word' id='word_1_426' title='bbox 169 4369 246 4416; x_wconf 71' lang='lat' dir='ltr'><strong>pesse.</strong></span> <span class='ocrx_word' id='word_1_427' title='bbox 278 4358 313 4406; x_wconf 80' lang='lat' dir='ltr'><strong>lit</strong></span> <span class='ocrx_word' id='word_1_428' title='bbox 331 4357 385 4406; x_wconf 80' lang='lat' dir='ltr'><strong>tlibi</strong></span> <span class='ocrx_word' id='word_1_429' title='bbox 406 4360 528 4422; x_wconf 76' lang='lat' dir='ltr'><strong>usurparit,</strong></span> <span class='ocrx_word' id='word_1_430' title='bbox 544 4357 629 4414; x_wconf 78' lang='lat' dir='ltr'><strong>Livius,</strong></span> <span class='ocrx_word' id='word_1_431' title='bbox 650 4369 676 4406; x_wconf 93' lang='lat' dir='ltr'><strong>ut</strong></span> <span class='ocrx_word' id='word_1_432' title='bbox 707 4357 794 4406; x_wconf 77' lang='lat' dir='ltr'><strong>uocem</strong></span> <span class='ocrx_word' id='word_1_433' title='bbox 816 4355 909 4402; x_wconf 68' lang='lat' dir='ltr'><strong>tremet.</strong></span> <span class='ocrx_word' id='word_1_434' title='bbox 939 4353 978 4401; x_wconf 84' lang='lat' dir='ltr'><strong>De</strong></span> <span class='ocrx_word' id='word_1_435' title='bbox 1000 4354 1115 4404; x_wconf 83' lang='lat' dir='ltr'><strong>beneficiis</strong></span> <span class='ocrx_word' id='word_1_436' title='bbox 1130 4356 1215 4404; x_wconf 78' lang='lat' dir='ltr'><strong>Mece-</strong></span> 
     </span>
     <span class='ocr_line' id='line_1_49' title="bbox 169 4417 1216 4483; baseline 0.005 -17"><span class='ocrx_word' id='word_1_437' title='bbox 169 4419 287 4471; x_wconf 71' lang='lat' dir='ltr'><strong>tonsu.</strong></span> <span class='ocrx_word' id='word_1_438' title='bbox 301 4433 326 4470; x_wconf 89' lang='lat' dir='ltr'><strong>et</strong></span> <span class='ocrx_word' id='word_1_439' title='bbox 345 4421 514 4474; x_wconf 78' lang='lat' dir='ltr'><strong>1.xxr.c.2o.</strong></span> <span class='ocrx_word' id='word_1_440' title='bbox 548 4423 676 4471; x_wconf 73' lang='lat' dir='ltr'><strong>&#39;Fortasse</strong></span> <span class='ocrx_word' id='word_1_441' title='bbox 707 4421 792 4467; x_wconf 85' lang='lat' dir='ltr'><strong>donum</strong></span> <span class='ocrx_word' id='word_1_442' title='bbox 804 4433 883 4477; x_wconf 72' lang='lat' dir='ltr'><strong>regum</strong></span> <span class='ocrx_word' id='word_1_443' title='bbox 901 4419 1093 4470; x_wconf 75' lang='lat' dir='ltr'><strong>inAcbseossid.</strong></span> <span class='ocrx_word' id='word_1_444' title='bbox 1104 4417 1216 4483; x_wconf 62' lang='lat' dir='ltr'><strong>Puyut</strong></span> 
     </span>
     <span class='ocr_line' id='line_1_50' title="bbox 168 4481 974 4552; baseline 0 -18"><span class='ocrx_word' id='word_1_445' title='bbox 168 4481 287 4545; x_wconf 74' lang='lat' dir='ltr'><strong>legendnm</strong></span> <span class='ocrx_word' id='word_1_446' title='bbox 301 4497 337 4536; x_wconf 89' lang='lat' dir='ltr'><strong>est</strong></span> <span class='ocrx_word' id='word_1_447' title='bbox 350 4496 427 4538; x_wconf 74' lang='lat' dir='ltr'><strong>centn</strong></span> <span class='ocrx_word' id='word_1_448' title='bbox 443 4502 500 4546; x_wconf 80' lang='lat' dir='ltr'><strong>earn.</strong></span> <span class='ocrx_word' id='word_1_449' title='bbox 515 4501 598 4552; x_wconf 83' lang='lat' dir='ltr'><strong>nempe</strong></span> <span class='ocrx_word' id='word_1_450' title='bbox 617 4501 675 4538; x_wconf 87' lang='lat' dir='ltr'><strong>con·</strong></span> <span class='ocrx_word' id='word_1_451' title='bbox 709 4496 774 4536; x_wconf 81' lang='lat' dir='ltr'><strong>met</strong></span> <span class='ocrx_word' id='word_1_452' title='bbox 788 4483 974 4534; x_wconf 72' lang='lat' dir='ltr'><strong>Plutiudrrto.</strong></span> 
     </span>
    </p>
   </div>
   <div class='ocr_carea' id='block_1_5' title="bbox 0 0 1612 5225">
    <p class='ocr_par' dir='ltr' id='par_1_20' title="bbox 0 0 1612 5225">
     <span class='ocr_line' id='line_1_51' title="bbox 0 0 1612 5225; baseline 0 0"><span class='ocrx_word' id='word_1_453' title='bbox 0 0 1612 5225; x_wconf 95' lang='lat' dir='ltr'><strong> </strong></span> 
     </span>
    </p>
   </div>
  </div>
 </body>
</html>
