3184 5225
570 343 828 405 FRAGMENTA.
1162 347 1220 404 28³

180 559 233 622 tv.
254 557 356 624 Atta
370 558 473 631 QUAE
489 561 548 624 AN
564 561 664 626 LIVll
689 563 788 627 SlNT
809 564 966 629 NOSTRI
982 565 1071 630 AUT
1085 565 1222 631 CERTE

216 645 274 709 EX
295 644 500 710 HIS'IURIA
520 648 623 712 EJUS
646 649 882 714 DEPROMTA
904 652 1075 717 DUBIUM
1099 653 1186 718 EST.

222 825 315 956 Alqud
328 823 359 885 N
371 908 395 954 ,b
411 824 660 958 ppaGrqnqltlangq
669 829 762 890 filiam
779 825 993 912 Calypsonem.

274 924 351 957 aaa.
396 943 403 957 .
443 942 451 956 .
534 925 601 973 unp.
663 945 669 959 .

222 991 264 1055 Et
277 993 446 1074 reparando
461 1014 621 1074 suggressu
642 1015 735 1055 manu
751 995 832 1055 haud
853 1016 964 1075 magna
977 995 1077 1058 nllifae
1100 1001 1223 1080 moenia,

182 1080 264 1162 qnasi
291 1080 399 1162 pelans
421 1081 607 1161 perveniens,
628 1102 669 1142 ex
683 1080 798 1164 oppido
822 1081 933 1142 bellum
958 1082 1105 1148 instructa
1122 1107 1222 1151 anne·

179 1167 290 1227 mentis
305 1166 415 1247 empit,
436 1187 526 1246 quam
541 1166 646 1228 consul
661 1167 690 1226 vi
713 1181 846 1250 captam,
870 1167 1039 1246 tmeidatis,
1061 1173 1112 1250 qui
1135 1173 1166 1233 in
1187 1192 1224 1236 ea

181 1253 392 1329 constiterant,
415 1265 546 1314 reservat
560 1253 600 1315 ad
621 1273 765 1335 pugnam.
810 1251 871 1314 Sed
887 1254 1043 1336 oppidani,
1061 1257 1140 1319 sicut
1155 1260 1222 1340 qui-

183 1340 236 1400 bus
251 1360 329 1400 curae
343 1338 483 1420 pusillum
503 1340 612 1416 inerat,
627 1340 659 1399 in
675 1339 755 1400 diem
779 1339 906 1400 altemm
922 1341 1105 1404 umbonibus
1127 1344 1221 1408 bellu-

181 1426 239 1486 atis
255 1431 369 1506 paucos
393 1423 516 1506 fugaces
539 1425 695 1502 invadunt,
710 1426 966 1507 elephantemque
986 1427 1087 1490 omine
1104 1431 1221 1492 meliori

182 1523 351 1594 receptant,
377 1520 409 1570 et
422 1511 542 1588 Allifas,
568 1510 689 1572 Rullum
710 1511 862 1595 quondam
878 1513 1036 1590 vocitatas,
1060 1516 1098 1576 ab
1114 1515 1220 1579 dextro

180 1607 326 1676 sequente
342 1597 506 1674 sinistrum,
522 1598 646 1678 augurio
661 1608 773 1658 nomen
789 1599 938 1680 inponunt
953 1599 1074 1661 adcolae.

212 1678 350 1728 Haererhe
360 1679 410 1730 tie.
422 1693 491 1728 xxu.
510 1683 581 1736 132⁵·
598 1681 696 1744 postilla
711 1697 775 1740 snper·
793 1681 983 1746 Allifarloeoalto
999 1700 1026 1730 aa
1037 1685 1120 1732 munito
1130 1688 1223 1736 muto

179 1746 264 1794 ineerta
276 1744 322 1805 legi
341 1745 365 1790 ia
382 1745 433 1792 eod.
443 1743 545 1792 Laudine
558 1756 586 1792 r.·
600 1746 688 1793 monent
701 1745 803 1794 Hennae.
837 1747 924 1794 Eadem
942 1747 1091 1811 deprehendit
1103 1750 1222 1801 Dmhenb.

180 1809 204 1857 in
215 1811 270 1858 MS.
279 1810 488 1866 amimae
498 1810 530 1858 tic
541 1810 623 1858 sanate
634 1813 644 1860 Ξ

224 1891 266 1957 Et
281 1893 452 1975 reparando
470 1895 645 1975 subgressus
667 1895 750 1956 haud
773 1895 870 1976 magis
889 1895 978 1958 Alitae
995 1898 1110 1958 moenia
1131 1919 1223 1980 quum

181 1981 288 2063 palaris
303 1980 480 2061 perveniens
495 2001 534 2042 ex
547 1981 661 2062 oppido
684 1981 783 2040 bellua
797 1991 904 2042 conata
920 2001 939 2042 a
953 1980 1100 2044 Romanis
1114 1986 1225 2067 erupit,

183 2083 274 2148 quam
290 2066 395 2128 consul
411 2067 439 2127 vi
455 2078 589 2148 captum,
605 2067 772 2143 trucidatis,
787 2067 838 2146 qui
853 2067 884 2140 ip
899 2088 937 2128 ea
950 2068 1159 2147 constiterant,
1175 2075 1224 2134 re'-

183 2165 282 2215 servat
296 2153 336 2214 ad
351 2173 495 2234 pugnem.
538 2150 601 2213 Sed
616 2153 774 2234 oppidani,
795 2152 875 2214 sicut
890 2153 976 2233 queis
991 2174 1068 2216 cures
1083 2155 1224 2237 pusillum

181 2240 284 2300 inerat
297 2239 329 2300 in
344 2239 426 2300 diem
441 2238 535 2300 altam
557 2239 739 2300 umbonibus
754 2239 884 2300 beluatis
905 2259 1018 2324 paucos
1032 2239 1155 2322 fugaces
1178 2243 1225 2304 in-

181 2325 306 2403 vadunt,
328 2325 582 2407 elephantemque
597 2325 755 2386 meliorem
778 2335 946 2408 receptant.
991 2323 1031 2388 Et
1048 2325 1146 2388 Alifae
1161 2325 1225 2390 Ru-

181 2411 270 2474 frium
295 2411 449 2492 quondam
474 2411 625 2474 vocitatas
646 2411 685 2472 ab
711 2411 820 2472 dextro
840 2421 984 2494 sequente
1006 2412 1225 2481 sinisteriorum

180 2499 310 2580 augurio
323 2517 434 2560 nornen
449 2498 601 2580 inponunt
615 2497 739 2561 adcolae.

214 2583 379 2648 Fragmentum
390 2581 435 2631 hoc
445 2582 548 2647 spurium
558 2595 609 2631 etse
625 2572 747 2630 eentehint
758 2580 844 2647 Caper.
857 2581 886 2629 de
902 2581 1031 2648 elephantie
1042 2583 1065 2632 in
1077 2584 1153 2633 nuni·
1163 2599 1186 2636 e.
1199 2589 1224 2638 4.

181 2647 428 2704 flammatos..
443 2646 530 2695 Stroth.
539 2660 564 2695 et
582 2646 635 2693 alii:
657 2648 697 2694 scd
707 2647 832 2708 genmnun
850 2647 954 2698 Dodirdl
965 2650 988 2697 in
999 2650 1107 2711 singulari
1126 2651 1227 2711 desert..

183 2730 234 2777 qun
244 2714 315 2762 οιίωι
330 2714 353 2761 is
364 2714 411 2761 edit
431 2712 487 2759 Livii
506 2712 625 2763 Drakenb.
636 2712 667 2759 T.
679 2726 724 2761 vri.
735 2728 758 2775 p.
772 2716 817 2763 182
829 2728 862 2774 sq.
879 2714 1000 2777 tepenter.
1033 2714 1061 2765 ln
1073 2731 1099 2767 ea
1111 2718 1225 2781 explicere

182 2780 276 2842 quidem
287 2789 382 2826 ematur
391 2796 406 2823 o
479 2779 547 2825 asima
557 2780 610 2825 hree
620 2778 704 2835 verbra
721 2778 759 2824 ted
771 2776 849 2825 multis
859 2778 952 2827 tentatie
964 2780 1054 2827 tandem
1066 2780 1225 2843 prolitetume

182 2844 267 2904 sueri,
277 2859 308 2891 ne
315 2859 409 2907 operam
418 2842 496 2891 luserit
507 2854 530 2891 et
542 2858 588 2890 non
600 2844 673 2905 ipsum
684 2843 742 2890 forte
754 2842 852 2901 Livium,
861 2844 900 2891 sed
911 2842 1044 2909 AEthiopem
1055 2846 1143 2897 lenuit.

225 2926 267 2989 T.
280 2926 382 2989 Livius
397 2939 462 2993 tam
472 2927 591 3009 iniquus
607 2926 749 2991 Sallustio
765 2928 833 3005 fuit,
845 2940 879 2989 ut
894 2928 973 2989 hanc
989 2930 1085 3013 ipsam
1102 2944 1226 2995 senten-

180 3016 277 3077 tiemz
310 3011 376 3074 Res
400 3014 542 3077 semendis
567 3013 641 3075 mire
662 3022 737 3076 sarit
759 3012 844 3075 vitiis
863 3014 1001 3076 obtentui
1015 3028 1047 3077 et
1069 3028 1226 3097 tamquam

185 3102 377 3178 translatam,
391 3114 424 3162 et
438 3113 593 3181 tamquam
609 3112 780 3181 corruptam
796 3100 869 3161 dum
882 3101 1069 3177 assisterem,
1081 3101 1228 3182 objiceret

185 3186 344 3248 Sallustio.
387 3184 454 3247 Nec
475 3188 535 3248 hoc
554 3208 656 3248 amore
677 3185 867 3269 Thucydidis
891 3186 975 3263 lacit,
992 3197 1027 3247 ut
1044 3187 1129 3247 illum
1150 3208 1227 3269 prae-

183 3274 271 3335 ferat.
315 3271 446 3350 laudat,
461 3294 549 3354 quem
570 3294 631 3335 non
647 3273 746 3348 timet,
764 3282 794 3331 et
810 3270 926 3332 facilius
946 3281 1035 3353 putat
1049 3291 1173 3352 possea
1194 3292 1227 3333 se

184 3358 365 3422 Sallustium
379 3359 469 3436 vinci,
483 3360 509 3421 si
525 3371 597 3422 ante
613 3380 633 3419 a
644 3356 826 3441 Thucydide
839 3355 988 3419 vincatur.

214 3443 304 3492 Senem
314 3444 424 3491 Coenos.
436 3455 507 3493 axis.

225 3526 264 3589 T.
279 3526 385 3589 Livius
401 3527 439 3587 de
454 3527 633 3602 oratoribus,
652 3526 702 3606 qui
717 3525 811 3585 verba
826 3524 951 3605 antiqua
965 3534 997 3585 et
1011 3524 1133 3587 sordida
1154 3548 1228 3588 con-

183 3626 352 3693 sectantur,
360 3624 393 3674 et
403 3614 548 3674 orationis
560 3612 773 3673 obscuritatem
784 3610 974 3671 severitatem
987 3620 1105 3692 putant,
1116 3612 1227 3693 aiebat,

183 3699 359 3763 Miltiadem
375 3700 529 3761 rhetorem
543 3699 698 3781 eleganter
713 3698 824 3759 dixisse
840 3694 895 3753 'bri
909 3701 944 3768 τῷ
956 3697 1059 3765 πλησίον
1070 3700 1208 3769 palmas.

216 3785 302 3833 &oeta
314 3782 425 3831 contem.
438 3794 500 3835 xxv.
