3184 5225
532 346 608 407 Lm.
622 346 716 407 XLV.
737 345 820 406 CAP.
833 344 920 405 xx1.
1193 352 1252 409 las

201 496 340 561 mitteret
362 500 402 560 ad
425 521 489 579 eos,
512 520 639 582 quorum
660 502 841 564 auctoritate
864 501 902 561 ab
926 500 1017 561 armis
1039 508 1402 561 commonuerat.

201 579 262 643 llis
278 603 333 665 pro
348 586 434 667 regni
449 588 583 649 utilitate
598 588 689 649 editis
703 587 868 664 mandatis,
882 582 999 648 AEnum
1015 586 1074 647 sibi
1089 599 1122 647 et
1139 584 1248 648 Maro·
1259 573 1332 632 Μ·
1349 574 1403 625 ¹⁶²·

201 687 293 731 neam
308 672 410 752 petiit.
455 670 504 735 lta
519 674 666 737 destituta
683 694 787 735 eorum
812 694 878 755 spe,
899 672 962 754 qui,
984 671 1078 733 fratre
1093 683 1248 751 accusem,

203 756 400 834 partitionem
415 760 500 840 regni
515 761 681 842 petitomm
697 760 902 835 crediderant,
917 758 1064 819 ”curiam
1073 767 1087 795 ⁸
1108 759 1249 821 excessit.

203 837 297 905 ⁹⁰Ut.
313 863 383 905 raro
405 844 479 905 alias
503 847 673 927 quisquam,
705 866 758 907 rex
782 856 837 907 aut
862 844 1008 927 privatus,
1030 854 1118 905 tanto
1147 843 1249 905 lavore

202 936 350 1009 tantoque
377 930 513 992 omnium
529 932 658 993 adsensu
673 944 720 995 est
745 932 885 1007 auditus3
919 930 1061 991 omnibus
1084 929 1249 991 honoribus

203 1014 449 1097 muneribusque,
474 1030 505 1079 et
520 1038 649 1100 praesens
672 1030 720 1080 est
735 1017 845 1094 cultus,
867 1027 900 1078 et
915 1016 1159 1098 proficiscentem
1178 1036 1249 1097 pro·

201 1100 298 1162 secuti
315 1113 395 1163 sunt.
441 1100 524 1165 lnter
549 1104 660 1165 multos
675 1102 755 1164 Asiae
769 1101 950 1183 Graciaeque
974 1102 1140 1183 legationes
1162 1100 1248 1163 Rho·
1261 1110 1409 1172 Rhodiorum

202 1182 323 1247 diorum
349 1188 482 1251 maxime
507 1190 599 1271 legati
626 1190 781 1265 civitatem
808 1198 1032 1251 converterunt.
1055 1208 1128 1248 nam
1155 1208 1249 1268 quum
1260 1186 1337 1249 ¹²8²&

201 1270 302 1350 primo
322 1272 354 1333 in
374 1286 458 1336 veste
482 1276 613 1337 candida
629 1277 682 1337 visi
705 1286 817 1352 essent,
840 1274 923 1356 quod
943 1272 1134 1355 gratulantes
1156 1274 1248 1335 dece·

202 1355 267 1434 bat,
291 1368 333 1435 et,
363 1360 388 1419 si
411 1359 566 1421 sordidam
595 1372 711 1422 vestem
738 1360 927 1437 habuissent,
952 1359 1120 1440 lugentium
1147 1356 1248 1421 Persei

203 1461 308 1503 casum
335 1446 466 1525 praebere
496 1446 628 1528 speciem
658 1456 822 1529 poterant3
856 1458 1018 1527 postquam
1050 1445 1182 1507 consulti
1209 1447 1249 1507 ab

203 1524 251 1588 M.
277 1528 372 1591 lunio
396 1532 519 1593 consule
544 1531 658 1610 Patres,
684 1532 834 1593 stantibus
860 1532 892 1591 in
918 1531 1044 1593 comitio
1066 1532 1184 1611 legatis,
1207 1552 1248 1593 an

204 1612 315 1693 locum,
331 1617 435 1695 lautia,
451 1630 650 1701 senatumque
666 1618 785 1695 darent,
803 1617 920 1679 nullum
935 1616 1085 1700 hospitale
1095 1617 1147 1699 jus
1163 1619 1195 1678 in
1210 1618 1248 1679 iis

203 1702 383 1764 servandum
399 1717 602 1782 censuerunt:
636 1724 771 1786 egressus
787 1724 805 1764 e
819 1703 904 1765 curia
918 1703 1037 1779 consul,
1052 1724 1145 1784 quum
1160 1702 1247 1765 Rho-
1260 1708 1326 1785 Md?
1337 1721 1383 1770 ατ

204 1785 257 1863 dii,
272 1789 456 1869 gratulatum
473 1810 505 1851 se
530 1791 567 1851 de
582 1791 710 1852 victoria
726 1800 950 1872 purgatumque
974 1789 1107 1851 civitatis
1121 1790 1250 1851 crimino
1260 1786 1328 1839 Ψ·

204 1871 341 1935 dicentes
352 1876 480 1954 venisse,
493 1877 650 1959 petissent,
662 1889 697 1938 ut
706 1888 830 1938 senatus
839 1876 895 1937 sibi
908 1875 1040 1952 daretur,
1049 1877 1248 1957 pronunciat:

203 1957 214 1989 ‘
231 1955 328 2023 Sociis
351 1973 383 2023 et
398 1963 502 2023 amicis
517 1975 549 2025 et
569 1964 631 2025 alia
645 1963 774 2025 comiter
789 1972 881 2043 atque
901 1961 1095 2042 hospitaliter
1108 1973 1250 2044 praestare
1311 2022 1315 2031 ,
1346 1984 1349 1990 ’

204 2042 397 2125 ‘Romanos,
421 2060 454 2110 et
479 2060 617 2111 senatum
642 2048 714 2109 dare
741 2066 925 2110 consuesse:
959 2046 1097 2107 Rhodios
1120 2067 1182 2107 non
1206 2048 1251 2109 ita

204 2130 356 2195 ‘meritos
372 2154 409 2194 eo
424 2134 514 2211 bello,
530 2146 564 2196 ut
587 2135 787 2195 ⁹¹amicorum
802 2133 954 2203 sociorum
975 2151 1103 2193 numero
1118 2132 1250 2193 habendi

204 2214 216 2249 ‘
230 2216 311 2279 sint!
349 2204 407 2280 l·lis
420 2220 543 2296 auditis,
558 2230 785 2301 prostraverunt
799 2238 833 2279 se
847 2237 954 2278 omnes
969 2217 1064 2292 humi,
1078 2218 1251 2279 consulem-

204 2322 264 2383 que
278 2315 312 2365 et
334 2316 472 2382 cunctos,
488 2306 538 2387 qui
564 2307 702 2383 aderant,
718 2316 851 2381 orantes,
873 2323 913 2364 ne
933 2323 1011 2363 nova
1033 2302 1168 2384 falsaque
1191 2304 1250 2365 cri-

203 2390 290 2449 mina
316 2390 385 2471 plus
410 2392 515 2452 obesse
541 2390 668 2453 Rhodiis
687 2410 806 2472 aequurn
827 2400 996 2466 censerent,
1018 2408 1109 2469 quam
1125 2391 1252 2470 antiqua

176 2494 179 2502 ’
203 2475 326 2553 merita,
341 2496 469 2556 quorum
493 2478 548 2559 ipsi
564 2488 657 2539 testes
672 2488 782 2539 essent.
827 2474 1004 2557 Extemplo,
1019 2488 1103 2535 veste
1126 2476 1251 2537 sordida

202 2573 316 2640 sumta,
334 2562 441 2624 domos
462 2564 633 2646 principum
649 2584 719 2626 cum
742 2562 884 2647 precibus
905 2581 941 2623 ac
962 2560 1094 2624 lacrimis
1109 2562 1251 2625 circumi-

177 2687 179 2693 ψ
203 2647 289 2725 bant,
305 2662 438 2728 orantes,
464 2663 499 2714 ut
513 2652 596 2735 prius
619 2661 840 2731 cognoscerent
858 2668 1007 2726 caussam,
1031 2669 1123 2730 quam
1139 2653 1251 2712 ”con-

204 2732 428 2797 demnarentur.
1020 2747 1023 2754 '

166 2871 168 2874 .
247 2817 333 2881 XXl.
356 2819 414 2883 M’.
428 2821 590 2885 luventius
611 2822 734 2886 Thalna
755 2836 877 2906 praetor,
903 2820 989 2903 cujus
1013 2821 1094 2883 inter
1116 2822 1197 2883 cives
1219 2832 1251 2883 et

205 2907 381 2988 peregrinos
403 2910 576 2989 Jurrsdrctro
604 2925 681 2989 erat,
706 2911 853 2993 populum
880 2910 1020 2970 adversus
1041 2906 1180 2970 Rhodios
1202 2907 1249 2968 in·

206 2992 335 3054 citabat:
360 2995 609 3078 rogationemque
624 2997 879 3078 promulgaverat,
903 2992 974 3056 ‘Ut
988 2992 1117 3055 Rhodiis
1135 2994 1249 3054 bellum
1259 3005 1407 3056 munste-

205 3077 216 3109 ‘
231 3077 432 3141 indiceretur:
455 3094 487 3144 ct
500 3102 538 3144 ex
550 3083 775 3162 magistratibus
791 3081 856 3163 ejus
871 3081 943 3142 anni
955 3079 1135 3160 deligerent,
1146 3080 1198 3160 qui
1210 3080 1249 3142 ad
1261 3073 1322 3133 ⁹¹³⁰
1332 3085 1416 3148 ,mm

206 3163 216 3194 ‘
231 3163 262 3224 id
272 3165 384 3228 bellum
394 3187 463 3228 cum
473 3168 568 3229 classe
578 3167 768 3245 mitteretur‚'
779 3189 812 3228 se
820 3187 891 3229 eum
900 3167 1026 3248 sperans
1032 3165 1248 3229 futurumesse.
1262 3137 1374 3187 ihm

643 3279 727 3324 *curlo
738 3274 812 3323 Gron·

238 3361 261 3398 θ)
278 3361 367 3412 Curium
377 3363 472 3426 excurrit]
491 3364 567 3426 Vulgo
577 3367 649 3412 curin·
676 3365 709 3412 At
741 3379 837 3424 regnum
859 3361 971 3410 Eumenis
997 3375 1076 3410 tetum
1103 3359 1250 3412 divideretur.

204 3427 277 3490 prims
288 3429 359 3478 editio
376 3431 447 3478 habet
458 3431 572 3494 quomodo
590 3430 711 3486 elidimus,
742 3427 805 3476 Gur·
822 3427 860 3474 ubi
881 3441 933 3490 spes
954 3442 994 3474 eos
1015 3428 1120 3474 frustrata
1139 3439 1183 3483 cst,
1199 3440 1250 3476 tum

203 3503 262 3540 teste
275 3493 399 3543 Gronor'ro.
432 3497 464 3543 Et
475 3496 506 3544 sie
520 3512 579 3558 roepc
592 3493 677 3542 livius.
743 3509 798 3542 vero
809 3509 858 3549 eos,
875 3507 946 3554 quarn
958 3491 1084 3540 etiamnum
1096 3505 1156 3540 esser
1167 3493 1192 3539 in
1204 3494 1249 3541 lta·

235 3559 259 3594 ‘⁶⁰
278 3556 309 3606 Ut
325 3577 376 3608 roro
389 3559 454 3624 atior]
471 3560 545 3608 Recte
565 3561 626 3607 idern
646 3561 708 3608 Gro·
740 3559 769 3606 lir
782 3556 973 3616 stratocliano
984 3572 1033 3604 esse
1047 3557 1140 3620 jussisse
1158 3556 1249 3605 AEnum

202 3623 283 3672 novius
305 3625 368 3672 delet
394 3626 496 3673 voculrm
524 3634 558 3673 ut.
598 3626 709 3673 Ceterum
741 3635 765 3671 et
777 3625 912 3671 Maroneam
923 3623 999 3677 urbes,
1011 3622 1166 3684 promissionis
1180 3623 1249 3670 facrae

203 3687 241 3737 hie
260 3705 336 3751 operte
351 3692 450 3753 pretium
467 3689 620 3754 estaupplere
636 3706 662 3738 er
679 3706 709 3739 ex
740 3689 821 3738 Attalo
831 3688 920 3737 oblitos.
937 3687 1052 3735 Praetereo
1061 3687 1149 3734 misisse
1156 3687 1249 3748 quidem

203 3751 373 3819 Polybio-qum
393 3755 479 3816 Livius,
497 3771 568 3820 quum
586 3767 662 3805 cetere
680 3772 708 3804 et
739 3755 878 3816 legationem
897 3755 925 3800 ad
942 3752 1031 3800 Gallos.
1069 3751 1116 3800 sed
1134 3752 1249 3813 quomodo

203 3834 233 3866 eo
252 3819 400 3878 exscriberet,
417 3821 502 3880 omisit,
522 3837 562 3869 seu
585 3821 636 3882 quia
654 3821 708 3869 salar
740 3821 769 3868 de
780 3836 807 3868 er
817 3820 919 3883 loquitur
937 3817 1034 3865 Graecus
1046 3816 1153 3879 scriptor,
1168 3831 1249 3878 qoam·

205 3885 308 3946 putabar,
324 3901 366 3932 seu
382 3886 433 3949 quir
453 3885 561 3936 Romanis
577 3903 656 3950 purum
667 3886 708 3934 ds·
740 3887 774 3934 vis
784 3901 835 3933 rem
849 3885 910 3934 clere
921 3899 968 3930 non
979 3883 1089 3946 explicet,
1099 3881 1152 3928 satir
1162 3881 1249 3929 indicat

204 3963 266 4005 cors,
285 3950 380 3998 nimium
403 3951 521 4013 indulgens
541 3965 602 3998 creto
622 3952 645 4000 in
667 3968 708 4016 pa·
741 3967 769 4000 ea
791 3953 896 3998 mandata
922 3949 1003 4008 legatis
1027 3948 1091 4002 dota,
1108 3961 1138 3994 ex
1165 3946 1249 4008 quibus

205 4012 273 4062 triam
284 4016 446 4072 amori,noluit
463 4017 565 4065 historice
582 4032 630 4064 ruse
647 4017 707 4064 inso-
740 4017 816 4080 potius
834 4016 1023 4064 confirmarentur
1040 4011 1159 4058 Gallorum
1176 4013 1248 4060 animi

202 4093 264 4126 rere.
296 4079 375 4128 Tradit
387 4097 440 4142 ergo
452 4081 570 4146 Polybio«,
586 4081 654 4142 legat.
669 4083 708 4128 93.
740 4083 767 4130 ad
779 4081 874 4141 bellum,
883 4095 952 4144 quom
963 4076 1061 4126 Eumeni
1069 4088 1094 4123 et
1104 4076 1248 4125 Attalocon·

202 4142 290 4192 AEnum
309 4157 333 4194 et
349 4145 486 4196 Maroneam
503 4149 576 4209 primo
592 4161 710 4195 maressa:
741 4147 881 4196 eilisrentur.
914 4144 981 4192 ldem
999 4142 1107 4205 suspicati
1128 4157 1248 4206 marus

202 4224 252 4258 esre
273 4210 364 4270 Attalo,
386 4223 411 4260 et
432 4212 548 4260 decretum
572 4212 710 4272 legationem
742 4228 771 4261 ex
783 4213 833 4274 ipso
843 4211 909 4257 Livio
918 4208 977 4256 infra
988 4224 1009 4256 c.
1018 4211 1059 4258 34.

203 4276 231 4320 acl
249 4273 337 4332 Gallos,
352 4287 376 4325 et
395 4277 501 4324 omnibus
517 4277 643 4326 horroribus
659 4293 708 4324 mu·
773 4277 794 4313 ⁹¹
820 4275 947 4324 Animum
966 4270 1081 4333 mbram]
1109 4270 1170 4333 Lege
1193 4285 1248 4320 curu

203 4339 342 4404 aeribusque
353 4357 407 4390 eum
422 4341 538 4402 magnifiee
549 4343 637 4390 cultum
648 4357 708 4401 esre,
740 4340 859 4388 Gronorio
867 4342 1005 4388 mbramoe.

206 4403 259 4465 quir
281 4405 402 4468 :pernbart
429 4408 508 4456 Patres
535 4407 618 4456 iterum
642 4407 707 4456 illum
771 4406 794 4442 9³
811 4402 1024 4468 coadunarentur]
1042 4401 1130 4452 Melius
1147 4400 1248 4450 mudena

204 4468 319 4520 aditurum
341 4472 370 4523 sd
389 4487 437 4533 eor.
451 4471 663 4539 postulatumque
681 4482 708 4524 ut
739 4479 828 4524 urent.
