3184 5225
395 389 437 444 88
823 383 905 444 TlTl
926 383 1027 443 mvn

257 586 264 601 .
298 553 374 604 .579.
398 542 521 625 ‘prope
531 539 681 603 diruisset.
703 538 883 602 Detractum
894 539 1015 601 eulmen
1026 536 1155 618 templo,
1164 536 1313 598 nudatum
1323 546 1442 598 tectum

254 651 260 666 ·
292 619 369 670 ⁸¹7³·
390 637 409 662 ··
424 639 530 711 patere
543 627 688 688 imbribus
704 625 977 708 putrefaciendum.
1000 643 1167 701 censorem,
1183 622 1319 683 moribus
1334 623 1442 702 regen·

396 714 410 749 ‘
424 714 472 775 dia
486 724 634 790 creatum,
650 712 699 773 cui
715 716 727 750 ⁴
740 722 824 773 sarta
838 723 922 773 tecta
932 711 1053 792 exigere
1068 709 1160 770 sacris
1175 708 1316 791 publicis,
1331 719 1364 770 et
1375 709 1444 770 loca

397 799 548 874 ‘tuenda
563 819 648 860 more
670 797 822 880 majorum
837 798 982 860 traditum
998 807 1099 874 esset3
1128 815 1196 857 eum
1212 797 1266 878 per
1288 795 1441 856 sociorum

396 886 511 947 ‘urbes
526 883 697 946 diruentem
711 885 839 966 templa,
863 884 1090 965 nudantemque
1105 893 1190 944 tecta
1204 880 1314 943 sedium
1337 901 1441 942 sacra·

395 973 407 1005 ⁶
422 989 500 1048 rum,
523 972 648 1051 vagari:
680 983 723 1049 et,
738 971 830 1054 quod,
851 971 876 1032 si
891 973 923 1032 in
938 970 1063 1054 priuatis
1078 969 1228 1030 sociorum
1245 966 1378 1030 adificiis
1393 966 1439 1027 sa·

395 1058 408 1091 ‘
422 1069 516 1135 ceret,
531 1057 689 1138 indignum
699 1058 793 1119 videri
804 1067 916 1140 posset,
932 1057 984 1118 ⁸id
993 1055 1096 1118 Derim
1107 1053 1314 1117 inmortalium
1325 1053 1442 1134 templa

394 1143 639 1205 ‘demolientem
665 1144 788 1206 iacere:
822 1156 854 1207 et
879 1143 1091 1224 ‘obstringere
1116 1141 1262 1222 religione
1294 1139 1438 1222 populum

394 1228 607 1309 ‘Romanum‚
633 1230 728 1292 ruinis
752 1231 935 1312 templorum
963 1228 1078 1312 templa
1103 1227 1323 1290 aedificantem:
1358 1237 1440 1286 tam-

394 1315 511 1399 ‘quam
538 1337 600 1378 non
626 1317 719 1378 iidem
744 1317 857 1397 ubique
881 1316 934 1378 Dii
958 1314 1134 1377 inmortales
1160 1314 1232 1390 sint,
1256 1312 1309 1373 sed
1333 1310 1438 1392 spoliis

392 1400 405 1434 ‘
420 1402 547 1464 aliomm
571 1403 622 1464 alii
636 1403 757 1464 colendi
772 1399 1021 1482 exomendique!
1066 1400 1178 1476 Quum,
1192 1399 1364 1480 priusquam
1388 1417 1439 1456 re-

393 1486 533 1567 ferretur,
547 1489 719 1571 adpareret,
742 1489 815 1570 quid
831 1489 978 1549 sentirent
991 1485 1106 1563 Patres,
1130 1484 1277 1546 relatione
1292 1481 1384 1559 facts,
1406 1481 1439 1544 in

222 1581 315 1632 uelata
326 1581 380 1649 Jus-
393 1593 487 1636 unam
502 1595 608 1637 omnes
622 1576 806 1636 sententiam
822 1575 931 1651 iemnt,
957 1583 992 1634 ut
1007 1573 1051 1632 hae
1066 1571 1175 1651 tegulae
1201 1568 1391 1652 reportandas
1406 1567 1439 1629 in

224 1659 363 1700 ”mm
392 1661 542 1743 templum
569 1661 751 1738 locarentur,
775 1658 1000 1741 piaculariaque
1014 1655 1130 1718 lunoni
1146 1655 1263 1718 fierent.
1307 1654 1382 1724 Qua
1397 1653 1438 1715 ad

390 1747 570 1828 religionem
585 1747 748 1829 pertinent,
764 1765 833 1805 cum
844 1763 916 1804 cura
927 1741 1031 1804 iacta:
1055 1741 1173 1822 tegulas
1186 1741 1306 1802 relictas
1322 1741 1353 1801 in
1365 1759 1436 1802 area

390 1833 510 1914 templi,
536 1833 607 1912 quia
621 1830 864 1911 reponendarum
890 1849 981 1889 nemo
997 1827 1106 1890 artifex
1121 1827 1197 1889 inire
1212 1827 1360 1890 rationem
1376 1846 1435 1908 po·

392 1919 715 1996 tuerit‚⁷redcmtores
729 1915 922 1977 nunciarunt
1430 1921 1433 1926 '

435 2001 489 2065 lV.
511 2002 559 2064 Ex
579 2001 766 2083 praetoribus,
794 2002 845 2082 qui
870 2003 901 2062 in
927 2002 1096 2084 provincias
1120 2002 1229 2080 ierant,
1256 1999 1298 2061 N.
1323 1998 1435 2062 Fabius

389 2087 536 2150 Massiliae
551 2088 687 2166 moritur,
709 2107 801 2170 quum
817 2089 849 2148 in
865 2089 1035 2150 citeriorem
1051 2087 1232 2171 Hispaniam
1256 2087 1325 2149 iret.
1370 2084 1435 2149 Ita·

390 2193 459 2254 que,
485 2193 580 2253 quum
595 2173 627 2234 id
643 2174 820 2235 nunciatum
836 2195 855 2235 a
870 2172 1110 2236 Massiliensibus
1137 2175 1245 2257 legatis
1269 2183 1359 2251 esset,
1383 2193 1434 2233 se·

387 2270 480 2321 nattis
495 2259 637 2336 decrevit,
662 2275 697 2321 ut
712 2259 744 2321 P.
772 2257 878 2322 Furius
905 2271 937 2322 et
952 2259 1008 2322 Cn.
1025 2259 1177 2338 Servilius,
1204 2260 1310 2342 quibus
1325 2278 1433 2319 succe-

388 2346 528 2425 debatur,
543 2346 624 2407 inter
638 2347 875 2425 sesortirentur,
894 2357 962 2409 uter
977 2348 1146 2409 citeriorem
1164 2345 1344 2430 Hispaniam
1360 2365 1433 2427 pro·

389 2443 497 2512 rogato
513 2432 641 2512 imperio
656 2432 819 2494 obtineret.
863 2435 876 2470 ⁸
889 2431 962 2495 Sors
978 2446 1149 2517 opportuna
1166 2433 1246 2512 iuit3
1279 2430 1312 2493 P.
1326 2429 1433 2492 Furius

387 2517 482 2595 idem,
504 2516 589 2598 cujus
604 2538 641 2578 ea
664 2518 819 2599 provincia
843 2518 952 2598 fuerat,
975 2531 1156 2583 remaneret.
1198 2518 1318 2581 Eodem
1341 2537 1435 2596 anno,

389 2624 482 2685 quum
499 2604 563 2686 egri
579 2601 729 2685 Ligustini
745 2616 778 2667 et
791 2602 912 2685 Gallici,
939 2607 1021 2688 quod
1035 2607 1116 2671 bello
1131 2620 1255 2691 captum
1271 2616 1347 2683 erat,
1373 2603 1432 2666 ali-

370 2754 375 2761 ,
389 2702 535 2771 quantum
548 2702 680 2768 vacaret,
695 2693 988 2755 senatusconsultum
1004 2693 1131 2771 iactum,
1145 2706 1180 2757 ut
1194 2695 1219 2755 is
1234 2713 1308 2774 ager
1318 2691 1431 2753 viritim

389 2776 584 2839 divideretur.
628 2775 824 2840 Decemviros
850 2780 880 2839 in
908 2800 975 2841 eam
1002 2800 1066 2841 rom
1100 2800 1139 2841 ex
1170 2780 1433 2841 senatusconsulto

389 2863 503 2925 creant
527 2862 567 2924 A.
589 2862 702 2924 Atilius
727 2876 837 2946 prator
858 2866 1000 2942 urbanus,
1026 2864 1073 2927 M.
1089 2864 1247 2927 AEmilium
1271 2864 1431 2947 Lepidum,

389 2947 427 3010 C.
444 2947 595 3027 Cassium,
609 2948 649 3010 Τ.
664 2947 825 3012 AEbutium
841 2949 964 3030 Carum,
980 2950 1018 3013 C.
1032 2950 1239 3031 Tremellium,
1264 2950 1297 3013 P.
1312 2950 1431 3013 Corne·

388 3035 461 3096 lium
479 3033 658 3117 Cethegum,
685 3036 724 3105 Q.
739 3050 771 3099 et
787 3036 822 3098 Ιι.
837 3038 1013 3121 Appuleius,
1040 3036 1087 3101 M.
1104 3038 1268 3116 Caecilium,
1288 3036 1323 3100 C.
1340 3037 1431 3100 Salo·

388 3122 484 3199 nium,
511 3119 548 3183 C.
563 3120 749 3185 Munatium.
793 3122 994 3187 ⁹Diviserunt
1008 3125 1088 3186 dena
1105 3125 1214 3207 jugera
1240 3127 1270 3186 in
1287 3125 1433 3205 singulos,

389 3209 480 3269 sociis
505 3209 639 3274 nominis
665 3206 767 3270 Latiui
793 3221 891 3272 terna.
936 3210 993 3272 Per
1015 3210 1098 3272 idem
1123 3223 1252 3294 tempus,
1280 3232 1340 3293 quo
1366 3212 1433 3271 haee

389 3296 567 3376 agebantur,
594 3295 688 3376 legati
715 3316 754 3357 ex
768 3293 888 3358 AEtolia
911 3294 1041 3358 Romam
1057 3297 1203 3360 veneruirt
1219 3298 1257 3358 de
1273 3297 1433 3358 discordiis

389 3382 647 3461 seditionibusque
673 3381 744 3458 suis,
768 3394 801 3444 et
813 3380 953 3444 Thessali
972 3383 1076 3465 legati,
1103 3385 1294 3461 nunciantes,
1320 3404 1386 3465 quae
1400 3383 1432 3443 in

390 3465 577 3528 Macedonia
590 3480 776 3549 gererentur.

221 3568 378 3621 ommi.
433 3550 473 3613 V.
507 3549 643 3632 Perseus,
665 3551 732 3635 jam
754 3556 869 3619 bellum
883 3557 951 3619 vivo
977 3569 1064 3640 patre
1088 3559 1256 3640 cogitatum
1280 3559 1311 3619 in
1328 3558 1432 3619 animo

223 3638 377 3751 :affice
420 3704 509 3755 ‘Sarte
529 3705 598 3770 terte]
623 3704 678 3754 tud.
699 3718 749 3757 not.
768 3709 799 3756 nd
819 3720 895 3759 xxix.
928 3706 1156 3769 Videturlegendum
1172 3742 1180 3758 .
1194 3742 1200 3755 .
1214 3704 1434 3769 ‚suit,ntP.Fu.

223 3768 341 3821 eosdm.
388 3767 429 3820 ³7.
927 3773 986 3823 rius:
1015 3772 1075 3835 quod
1099 3772 1203 3821 Pitboeus
1221 3773 1278 3835 apud
1301 3772 1432 3820 Hearnium

420 3832 473 3883 ’Μ
492 3835 558 3884 decim
579 3837 736 3885 meatim
753 3837 832 3897 inple
855 3838 894 3883 de·
926 3848 1014 3885 monet.
1047 3836 1096 3884 Sors
1114 3846 1233 3899 opportuna
1244 3836 1308 3900 sitit,
1327 3840 1381 3885 dum
1399 3836 1434 3883 its

386 3900 508 3949 nulium
529 3899 623 3963 senem]
664 3901 719 3947 Vox
747 3902 894 3949 demolientem
925 3916 975 3948 rem
986 3904 1105 3963 transegit,
1116 3910 1142 3949 nt
1154 3900 1183 3947 P.
1197 3898 1284 3948 Furiru
1293 3904 1358 3961 idern,
1368 3906 1434 3964 crp'm

387 3974 436 4011 nen
457 3976 530 4015 sanat
551 3965 576 4011 in
596 3966 671 4029 prima
693 3966 804 4022 editione,
831 3977 890 4015 tens
923 3964 1301 4027 npmtscusmqrmasrer.

385 4027 501 4077 Rutulo.
532 4031 591 4078 Sane
607 4032 677 4091 mugit
695 4030 811 4093 placeret:
834 4032 891 4079 idio
954 4029 1103 4079 ⁹Dtvuermu
1118 4032 1174 4077 derra
1182 4032 1266 4093 jngere
1285 4031 1427 4096 insingrrlos]

386 4091 452 4139 deins
461 4094 615 4142 mulium
623 4094 794 4158 templirsmre.
924 4092 974 4141 out
993 4096 1055 4143 cives
1079 4093 1177 4141 Romani
1202 4102 1285 4143 esent.
1318 4094 1431 4145 Ceterum

417 4154 456 4189 θ·
467 4157 605 4217 Οὑιιιίιιμη
614 4162 718 4224 religione
728 4161 834 4222 pupulam
846 4158 890 4209 Ro-
922 4160 960 4207 vix
975 4173 1021 4218 est,
1041 4171 1067 4207 ιιι
1084 4174 1130 4207 non
1149 4161 1187 4207 ble
1206 4158 1316 4206 exciderit
1335 4162 1429 4223 aliquid.

385 4220 487 4282 ιιιαιιιιιι]
506 4218 626 4283 Subjicere
641 4226 750 4287 populum
761 4225 890 4275 Romanum
922 4224 1010 4273 Debuit
1032 4225 1094 4271 enim
1116 4222 1218 4285 profecto
1240 4222 1316 4269 Livius
1334 4224 1430 4285 docere,

385 4300 462 4387 poe⁷nae
473 4285 606 4412 violatarurp
619 4290 762 4402 qqligipnum.
920 4287 1430 4399 quamznurqqrriuunpiriurqulpoppppumque

384 4416 636 4467 nndncondurerant.
654 4370 694 4417 qm
712 4355 800 4418 mh.
809 4370 887 4419 ”Por-
918 4368 1040 4466 :13waoe
1051 4370 1127 4466 aigaeile
1146 4368 1432 4482 nolllpenuadsblllll

416 4479 488 4530 ⁸Sorr
504 4488 624 4542 opportune
639 4481 708 4547 salt:
735 4482 766 4537 P.
788 4482 885 4548 Furius]
917 4482 945 4531 ab
955 4498 984 4533 so
994 4482 1180 4548 praetermissum.
