3184 5225
188 517 263 568 [1502
273 520 330 568 584.

187 584 260 633 Μ.
272 582 327 632 lut.

190 648 269 699 rant
278 646 324 695 ni·

191 714 292 763 m

190 792 248 831 son.

356 347 416 408 166
777 338 991 403 'PlTi'LlVli
1097 336 1100 345 ’

355 497 503 565 nubilibus
525 486 614 563 datur
635 499 849 582 diripiendum.
907 496 1041 575 Perseus,
1067 502 1095 539 ⁴⁰
1104 520 1165 561 una
1194 510 1313 561 tantum
1344 520 1400 581 spe

357 589 539 652 Bisaltarum
567 586 671 647 auxilii
695 596 815 647 tentata
825 596 847 661 ⁸,
877 584 916 646 ad
940 605 1017 667 quos
1041 587 1246 667 nequidquam
1273 587 1398 647 miserat

357 676 485 757 legatos,
515 674 546 734 in
577 674 757 734 concionem
788 672 961 754 processit,
982 671 1153 756 Philippum
1176 690 1279 735 secum
1301 672 1400 733 lilium
1495 681 1499 688 '

357 764 493 824 habens:
524 771 561 821 ut
584 771 617 819 et
640 760 722 841 ipsos
747 757 1028 841 Amphipolitanos,
1050 771 1080 819 et
1095 760 1230 839 equitnm
1245 759 1414 841 peditum·

356 867 426 931 que,
442 848 493 927 qui
509 857 563 907 aut
576 863 696 926 semper
710 844 818 921 secuti,
834 856 887 906 eut
901 844 974 926 fuga
988 845 1095 907 eodem
1110 846 1205 906 delati
1228 855 1325 921 erant,
1341 844 1398 904 ad-

357 933 509 995 hortando
534 937 559 971 ⁴¹
572 932 690 993 animos
714 930 917 993 confirmaret.
961 928 1025 992 Sed
1052 932 1213 1013 aliquoties
1234 931 1333 992 dicere
1349 931 1397 991 in-

357 1018 521 1102 cipientem
551 1039 644 1100 quurn
681 1018 812 1078 lacrimae
844 1018 1080 1098 praepedissent3
1112 1019 1185 1099 quia
1205 1018 1271 1099 ipse
1297 1016 1399 1077 dicere

356 1106 484 1186 nequiit,
498 1102 641 1165 Evandro
655 1102 916 1182 Cretensi-editis,
943 1124 1008 1183 quae
1034 1105 1083 1184 agi
1107 1122 1176 1165 curn
1203 1102 1400 1183 multitudine

272 1204 281 1215 ‘
356 1193 456 1268 vellet,
481 1192 557 1252 ⁴²de
590 1188 707 1271 templo
730 1190 894 1250 descendit.
947 1188 1127 1267 Multitudo,
1157 1190 1235 1251 sicut
1258 1190 1298 1249 ad
1321 1208 1399 1249 con·-

190 1462 325 1527 Amphipoli

190 1527 245 1576 abit.

357 1290 494 1360 spectum
508 1278 587 1357 regis
603 1277 766 1355 fletumque
792 1288 856 1336 tarn
885 1276 1084 1337 miserabilem
1109 1286 1140 1337 et
1164 1274 1231 1356 ipsa
1256 1277 1414 1355 ingemu··

356 1375 423 1424 erat
436 1364 714 1443 lacrimaveratque,
729 1362 773 1421 ita
786 1362 918 1422 Evandri
939 1363 1108 1423 orationem
1135 1361 1376 1443 adspemabatur
1388 1380 1413 1419 ι·

356 1462 389 1511 et
403 1450 526 1529 quidam
542 1450 607 1509 ausi
622 1461 694 1509 sunt
715 1448 818 1509 media
840 1468 877 1507 ex
900 1448 1048 1509 concione
1068 1448 1266 1523 subclamare,
1282 1446 1400 1507 ‘Auito

356 1535 465 1611 ‘binc,
494 1554 543 1613 ne,
569 1535 619 1615 qui
644 1534 733 1616 pauci
754 1550 966 1615 supersumus,
992 1544 1116 1616 propter
1138 1554 1192 1595 vos
1219 1529 1398 1616 pereamus?

323 1625 328 1636 ‘
356 1619 475 1682 Horum
491 1619 604 1681 ferocia
617 1641 724 1681 vocem
744 1618 878 1679 Evandri
893 1619 1010 1680 clausit.
1056 1624 1083 1659 ⁴³
1095 1620 1162 1681 Rex
1177 1620 1206 1680 in
1224 1621 1347 1681 domum
1364 1638 1399 1678 ee

355 1705 480 1788 recepit,
505 1707 705 1788 pecuniaque.
718 1715 750 1765 et
774 1725 847 1766 auro
874 1717 1060 1785 argentoque
1086 1707 1116 1767 in
1143 1706 1270 1783 lembos,
1298 1706 1348 1787 qui
1364 1704 1397 1763 in

356 1790 519 1875 Strymone
546 1793 679 1868 stabant,
709 1791 829 1866 delatis,
867 1803 898 1851 ct
923 1790 988 1872 ipse
1014 1792 1054 1852 ad
1084 1793 1195 1853 llumen
1226 1791 1409 1852 descendit.¹

354 1875 501 1955 Thraces
515 1878 640 1939 navibus
654 1898 687 1937 se
702 1876 893 1939 committere
918 1898 980 1937 non
1002 1879 1077 1954 ausi,
1102 1878 1210 1939 domos
1230 1878 1349 1959 dilapsi,
1364 1886 1397 1937 et

356 1964 423 2025 aliar
434 1965 575 2026 militaris
595 1964 714 2045 generis
728 1964 842 2024 turbaer
866 1961 1024 2024 Cretenses
1040 1984 1124 2047 spem
1140 1965 1275 2046 pecuniae
1290 1962 1399 2024 secuti.

355 2061 397 2126 ct,
413 2050 556 2131 quoniam
580 2050 611 2111 in
639 2048 802 2111 dividendo
822 2049 890 2130 plus
916 2049 1136 2128 obfensiorrum,
1161 2068 1254 2131 quarn
1280 2049 1398 2130 gratiae,

354 2140 471 2214 erat‚'⁴⁴
483 2136 703 2217 quinquaginta
714 2136 831 2196 talama
844 2135 880 2195 iis
892 2135 994 2217 posita
1005 2146 1075 2196 sunt
1090 2137 1121 2195 in
1136 2136 1205 2217 ripa
1214 2136 1397 2218 diripienda.

352 2221 403 2283 Ab
418 2223 476 2283 bac
493 2223 662 2305 direptione
677 2242 770 2302 quum
792 2241 846 2303 per
860 2221 1024 2304 tumultum
1038 2238 1130 2282 naves
1145 2222 1403 2297 conscenderent,

352 2308 486 2369 lembum
502 2328 595 2370 unum
611 2309 641 2369 in
656 2309 737 2369 ostio
760 2306 858 2367 amnis
884 2307 1077 2373 multitudine
1101 2320 1258 2387 gravaurm
1281 2328 1396 2369 merse-

305 2434 317 2447 ·
354 2406 435 2455 runt.
478 2393 643 2475 Galepsum
658 2414 700 2454 co
710 2394 771 2469 die,
787 2405 910 2474 postero
938 2392 1182 2470 Samothracam,
1198 2414 1289 2477 quam
1310 2404 1399 2476 pete·

353 2481 439 2557 bant,
465 2480 664 2559 perveniunt:
699 2478 739 2539 ad
768 2481 795 2517 ⁴⁵
809 2477 870 2539 duo
897 2478 993 2539 millia
1015 2479 1165 2541 talentum
1191 2491 1334 2561 pervecta
1359 2500 1401 2539 oo

354 2565 506 2627 dicuntur.

396 2647 509 2711 XbVl.
533 2649 663 2728 Paullus,
686 2670 741 2731 per
763 2651 1012 2738 omnesdeditaa
1035 2651 1173 2714 civitates
1196 2651 1326 2714 dimissis
1342 2651 1394 2734 qui

353 2748 527 2818 procacem,
556 2757 594 2797 ue
624 2755 685 2816 qua
714 2734 825 2816 injuria
847 2737 877 2796 in
900 2757 979 2797 nova
999 2756 1077 2818 pace
1104 2739 1193 2799 victis
1222 2737 1317 2816 lieret,
1348 2759 1397 2799 re-

354 2823 508 2902 tentisque
521 2822 604 2903 apud
625 2842 658 2882 se
681 2821 932 2883 caduceatoribus
958 2823 1049 2904 regis,
1077 2821 1109 2884 P.
1124 2821 1280 2898 Nasicam,
1306 2826 1396 2902 igna-

354 2927 405 2968 rus
434 2908 512 2988 luga
544 2907 634 2988 regis,
662 2906 872 2988 Amphipolim
894 2908 978 2968 misit
1010 2929 1081 2970 cum
1111 2910 1233 2971 modica
1252 2910 1398 2991 peditum.

354 2993 550 3075 equitumque
585 3013 700 3054 manu:
728 2993 817 3053 simul
839 3006 875 3054 ut
905 2992 1040 3056 Sinticen
1070 3007 1227 3072 evastaret,
1256 3008 1288 3056 et
1311 2997 1337 3032 ⁴⁶
1351 2994 1394 3054 ad

354 3099 461 3140 oannes
474 3090 600 3140 conatus
621 3079 722 3159 regis⁸
744 3079 953 3160 inpedimento
974 3092 1064 3141 suet.
1108 3079 1193 3143 Inter
1214 3082 1277 3142 hac
1301 3079 1397 3140 Meli·

327 3165 467 3226 .boea.a
487 3163 545 3225 Cn.
565 3164 694 3225 Octauio
714 3165 833 3245 capitur
859 3165 1078 3248 diripiturque:
1102 3167 1142 3228 ad
1164 3165 1333 3248 AEginium,
1356 3165 1400 3227 ad

354 3251 439 3330 quod
469 3250 706 3333 obpugnandum
729 3249 935 3312 Cadmeius
960 3252 1078 3331 legatus
1102 3253 1210 3314 rrrissus
1234 3263 1311 3328 erat,
1337 3251 1396 3312 du-

354 3338 456 3414 centi,¹
463 3337 622 3418 eruptione
637 3357 677 3398 ex
689 3335 804 3418 oppido
827 3337 926 3413 lacta,
942 3337 1044 3398 amissi
1066 3349 1149 3416 sunt,
1175 3338 1288 3420 ignaris
1303 3331 1395 3418 AEgi-

186 3435 275 3485 cosmi
291 3435 343 3484 1³21·
355 3423 508 3484 aiensibus
523 3422 710 3485 debellatum
724 3442 800 3484 esse.
845 3421 971 3501 Consul,
985 3444 1005 3484 a
1016 3421 1122 3506 Pydna
1135 3424 1304 3507 profectus,
1324 3443 1401 3484 crtus·-

185 3499 317 3555 tarmis.

517 3564 615 3610 'tentati
627 3561 696 3609 Cres.
998 3565 1067 3628 ‘rega'
1079 3563 1150 3611 Gron.
1161 3563 1231 3612 Creu.

560 3637 571 3662 1

384 3684 410 3718 ⁴⁰
423 3681 476 3732 Une
495 3691 581 3731 tortum
601 3698 637 3744 epe
657 3681 857 3730 saumas·
889 3682 1006 3748 prefigere
1028 3685 1198 3749 prepositiones
1217 3685 1247 3732 iis
1265 3683 1400 3733 nominihus

353 3747 502 3811 sustentati]
519 3749 578 3809 Lege
595 3764 648 3798 tum
665 3748 747 3794 eodem
765 3745 857 3794 Gronu-
890 3764 941 3806 quse
962 3764 991 3796 ex
1010 3749 1132 3809 vulgatiora
1151 3767 1192 3798 usu
1215 3765 1253 3799 eas
1267 3750 1397 3814 repudiant.

352 3811 391 3859 sio
400 3822 491 3862 testato.
890 3813 1003 3876 Exemplo
1012 3815 1095 3878 passim
1106 3829 1238 3862 occurrunt.

382 3877 502 3925 flam
519 3876 668 3939 comeret]
703 3874 857 3922 Grontniarrte
924 3877 945 3912 ⁴⁴
957 3877 1123 3942 Quarquogt'nto
1137 3879 1229 3941 nima]
1260 3877 1398 3926 Marcam

351 3940 472 3995 editiones,
484 3942 642 4002 confirmarent·
673 3939 858 3988 Correximorea
889 3944 1280 4003 gentinostrareo4687.uncioe4.

351 4005 520 4053 vetustioribus.
564 3999 571 4016 '
922 4004 1215 4070 *lDuomillr'otoleutrlmJ
1231 4008 1394 4056 -Marctesuut

382 4068 407 4102 ⁴⁰
417 4066 665 4130 Datnnodmndu]
681 4068 720 4116 De
731 4069 782 4116 loco
792 4068 853 4116 unde
886 4071 973 4131 ementi
986 4072 1088 4119 1-87500.

349 4133 458 4195 pupulum
479 4133 564 4194 alloqui
579 4148 629 4180 moa
644 4145 702 4180 eret.
743 4133 859 4196 loquitur·
918 4134 1395 4200 ⁴⁶dtlorrorteoosttrtnsregr'appeliatum

350 4211 415 4244 more
442 4197 548 4244 Romano
573 4197 658 4248 Livius.
701 4198 792 4246 Notum
817 4207 860 4246 cst,
886 4197 947 4264 auct]
970 4200 1396 4265 lnuctuetiotibuequibuedeneditia'

350 4259 436 4310 liure
451 4263 556 4322 tenplum
574 4263 656 4320 fuine,
675 4264 697 4310 id
719 4275 764 4321 est,
777 4263 853 4310 locum
887 4263 968 4312 onibus
989 4263 1073 4322 legitur
1093 4268 1159 4330 regis.
1202 4269 1301 4315 διάει
1322 4264 1397 4312 lectio

348 4326 449 4387 ιιμῐίίι
470 4339 635 4378 mmmm.
675 4327 728 4376 viu.
747 4343 815 4391 cupre
836 4328 853 4376 l.
886 4343 955 4390 quum
982 4327 1138 4378 Gronoriruoe.
1161 4345 1300 4396 etpresnre,
1328 4329 1397 4378 nobb

349 4405 436 4442 utrr.c.
450 4392 487 4438 14.
886 4393 1010 4454 elegantior
1020 4393 1116 4443 videtur.

378 4456 402 4492 θ
418 4453 467 4504 Rea
483 4456 509 4502 in
526 4452 624 4516 domm]
660 4453 753 4504 Gaudet
775 4456 853 4506 Livius
