3184 5225
502 352 578 412 LIB.
596 350 710 413 XLIII.
730 352 814 412 CAP.
827 350 882 411 xt
1162 362 1218 418 105

167 516 305 584 venerat,
330 516 401 567 sunt
426 506 542 569 audita.
595 504 724 587 Propter
748 504 925 585 quaeeriti
950 502 1065 583 Patres,
1089 528 1127 569 ne
1153 528 1218 589 qua
1230 526 1375 585 mnata

168 592 267 675 major
291 591 461 671 ignominia
484 592 685 673 acciperetur,
710 590 829 672 legatos
856 590 889 651 in
912 586 1141 671 Macedoniam,
1169 593 1217 655 M.
1229 595 1262 645 A·
1273 591 1303 641 C·
1316 593 1372 642 ¹⁷⁰·

171 678 311 743 Fulvium
327 671 481 755 Flaccum,
506 690 539 739 et
562 676 610 739 M.
626 676 787 739 Caninium
813 675 965 754 Rebilum,
987 677 1143 757 miserunt,
1155 682 1217 759 ,qui

170 776 340 846 comperta,
364 784 429 846 quae
454 774 627 845 agerentur,
656 762 821 823 referrent:
853 774 886 823 et
911 766 982 824 ⁴lut
1005 763 1044 825 A.
1068 762 1220 827 Hostilius

173 850 280 913 consul
297 850 422 911 comitia
436 849 609 910 consulibus
621 847 823 929 subrogandis
836 848 880 910 ita
895 848 1040 927 ediceret,
1054 850 1100 911 uti
1114 871 1221 914 mense

171 935 319 1015 Ianuario
334 934 461 997 comitia
484 934 587 995 haberi
613 945 747 1017 possent,
767 944 802 994 et
817 946 852 996 ut
875 935 975 1017 primo
997 955 1116 1016 quoque
1139 948 1218 999 tem·

175 1044 251 1106 pore
271 1022 301 1082 in
317 1022 424 1083 urbem
439 1021 561 1084 rediret.
607 1018 733 1082 Interim
749 1022 775 1059 ⁴⁶
786 1018 834 1081 M.
850 1018 971 1081 Raecio¹
994 1022 1115 1102 praetori
1131 1044 1218 1083 man·

175 1110 292 1185 datum,
317 1119 352 1169 ut
375 1107 475 1169 edicto
497 1121 651 1169 senatores
674 1128 779 1168 omnes
802 1127 842 1169 ex
865 1117 933 1168 tota
957 1105 1046 1169 ltalia
1073 1107 1144 1173 (nisi
1167 1110 1218 1189 qui

172 1194 345 1277 reipublicae
359 1214 465 1255 caussa
491 1192 644 1273 abessent)
669 1191 802 1254 Romam
827 1204 991 1255 revocaret.
1037 1191 1096 1263 Qui
1112 1192 1220 1257 Romae

173 1290 288 1356 emant
304 1301 343 1342 ne
365 1280 431 1361 quis
447 1280 526 1341 ultra
540 1280 623 1341 mille
639 1300 780 1362 passuum
796 1279 836 1340 ab
855 1278 955 1341 Roma
969 1279 1117 1340 abessetl.
1160 1278 1219 1357 Ea,
1279 1342 1285 1351 ,

174 1367 219 1426 uti
243 1377 365 1427 senatus
386 1367 514 1443 censuit,
535 1378 608 1428 sunt
625 1365 717 1427 facta.
763 1363 897 1427 Comitia
917 1366 1089 1427 consularia
1109 1367 1134 1411 ⁴⁷
1146 1377 1219 1442 ante

173 1452 256 1515 diem
270 1453 408 1533 quintum
426 1450 580 1513 Kalendas
597 1449 812 1533 Septembres¹
827 1451 919 1513 fuere.
962 1450 1065 1513 Creati
1081 1452 1219 1513 consules
1232 1471 1342 1523 contu..

173 1550 245 1599 sunt
270 1538 309 1609 Q.
326 1536 461 1604 Marcius
483 1536 638 1621 Philippus
663 1538 771 1599 iterum
796 1550 829 1599 et
854 1536 912 1599 Cn.
939 1534 1082 1599 Serulius
1106 1536 1220 1620 Capio.

167 1636 246 1704 post
276 1625 357 1687 diem
388 1626 511 1687 tertium
543 1635 685 1705 praetores
713 1635 784 1685 sunt
812 1624 884 1686 facti
915 1622 953 1685 C.
979 1623 1146 1703 Decimius,
1172 1622 1220 1686 M.

177 1707 324 1771 Claudius
339 1709 513 1789 Marcellus,
528 1708 564 1772 C.
580 1708 732 1792 Sulpicius
747 1706 864 1786 Gallus,
882 1708 919 1771 C.
935 1707 1070 1771 Marcius
1087 1710 1220 1792 Figulus,

175 1790 243 1871 Ser.
270 1794 427 1859 Cornelius
455 1795 611 1876 Lentulus,
636 1796 670 1857 P.
698 1794 843 1877 Fonteius
870 1794 989 1877 Capito.
1044 1796 1220 1878 Designatis

174 1882 352 1963 praetoribus
367 1898 475 1964 praeter
493 1883 568 1944 duas
583 1884 723 1959 urbanas,
745 1893 876 1961 quatuor
890 1883 1052 1965 provinciae
1072 1896 1143 1945 sunt
1165 1883 1220 1943 de-

175 1976 284 2043 cretae3
316 1967 475 2050 Hispania,
500 1979 530 2029 et
547 1964 699 2039 Sardinia,
722 1979 754 2028 et
770 1964 886 2044 Sicilia,
902 1980 934 2029 et
954 1968 1068 2031 classis.
1112 1966 1221 2049 Legati

174 2072 215 2115 ex
231 2050 427 2129 Macedonia,
442 2066 552 2115 exacto
569 2053 733 2114 admodum
750 2072 854 2113 mense
870 2052 1043 2131 Februario,
1059 2055 1221 2115 redierunt.
1234 2073 1359 2121 struere.

174 2133 234 2213 Hi,
251 2159 325 2219 quas
341 2159 387 2199 res
402 2159 439 2199 ea
454 2150 560 2199 aestatc
576 2157 717 2219 prospere
733 2138 876 2218 gessisset
891 2159 945 2199 rex
960 2137 1096 2216 Perseus,
1111 2140 1220 2202 refere-
1234 2153 1285 2185 ΝΜ
1296 2138 1319 2215 ⁵9
1332 2140 1387 2186 Ma·

174 2216 261 2299 bant,
287 2236 476 2305 quantusque
503 2224 594 2285 timor
620 2223 720 2283 socios
736 2224 841 2304 populi
867 2222 999 2285 Romani
1018 2226 1160 2308 cepisset,
1175 2206 1335 2289 tot“⁶⁰¹‘¹²’

174 2310 300 2383 urbibus
328 2311 358 2370 in
375 2319 561 2391 potestatem
581 2309 660 2389 regis
680 2306 821 2371 redactis.
865 2308 1069 2373 ‘Exercitum
1090 2312 1222 2374 consulis

171 2393 427 2475 ‘infrequentem
451 2393 672 2459 commeatibus
695 2395 786 2477 vulgo
812 2395 891 2457 datis
913 2399 1000 2479 ⁴8per·
1023 2399 1221 2459 ambitionem

169 2480 181 2513 ‘
197 2502 283 2542 esse:
307 2480 429 2562 culpam
445 2480 509 2563 ejus
525 2481 566 2542 rei
590 2482 743 2542 consulem
760 2480 790 2542 in
807 2482 941 2543 tribunos
956 2483 1098 2560 militurn,
1114 2495 1221 2545 contra

172 2567 269 2628 ‘illos
286 2567 317 2628 in
334 2566 488 2629 consulem
505 2566 651 2628 conferre.
679 2564 894 2648 Ignominiam,
910 2566 1030 2630 Claudii
1047 2571 1219 2632 temeritate

172 2652 371 2736 ‘acceptam
396 2656 422 2694 ⁴⁹
430 2654 546 2714 elevare
570 2673 621 2714 eos
637 2651 740 2715 Patres
766 2667 960 2736 acceperunt,
984 2657 1036 2736 qui
1051 2677 1220 2740 perpaucos

174 2739 298 2800 ‘Italici
325 2739 457 2821 generis,
487 2755 519 2801 et
551 2759 663 2820 magna
688 2760 727 2800 ex
756 2754 842 2822 parte
872 2742 1068 2804 tumultuario
1098 2743 1220 2804 delectu

174 2824 389 2906 ‘conscriptos
412 2826 454 2885 ihi
475 2825 587 2887 milites
610 2826 736 2886 amissos
757 2825 950 2889 referebant!
995 2826 1142 2889 Consules
1165 2829 1219 2890 dc-

175 2911 298 2991 signati,
322 2912 372 2972 ubi
403 2911 533 2994 primum
564 2913 775 2993 magistratum
802 2913 939 2990 inissent,
968 2914 1006 2975 de
1034 2913 1222 2976 Macedonia

174 2997 283 3058 referre
309 2997 348 3058 ad
370 3010 509 3059 senatum
531 2997 627 3079 jussi:
662 2999 879 3081 dcstInataeque
903 3001 1064 3082 provinciae
1090 3002 1127 3061 iis
1150 3013 1221 3061 sunt

175 3079 265 3144 ltalia
279 3095 311 3145 et
326 3081 521 3146 Macedonia.
565 3083 635 3146 lloc
652 3105 732 3146 anno
755 3085 969 3150 intercalatum
992 3099 1060 3148 est:
1089 3090 1117 3126 ⁵⁰
1128 3087 1220 3149 tertio

244 3228 251 3262 ⁸
262 3227 322 3279 Retio
337 3229 408 3282 Gran.
423 3231 491 3282 Creu.
604 3232 722 3284 *auimo
734 3233 809 3284 (irco.
924 3233 1071 3283 ¹Fcbruarias
1081 3233 1156 3281 Doer.

211 3359 234 3391 ⁴⁵
254 3357 285 3406 Ut
295 3362 322 3409 Δ.
336 3359 682 3414 Hmtillus....mmitia....ito
714 3366 748 3408 uti
772 3377 840 3407 nense
861 3361 971 3408 Ianuario
991 3363 1066 3408 haberi
1080 3373 1173 3422 fossat:
1198 3374 1222 3411 et

177 3425 279 3480 «liuta,
306 3430 341 3473 uti
366 3443 433 3474 meuse
458 3425 568 3474 Jonrmrio
595 3426 682 3470 comitio
714 3425 1221 3488 inira,pcsrccmulumpraeton1mqucco·

176 3489 252 3536 haberi
270 3488 362 3554 ponent]
393 3491 463 3538 Vacat
488 3490 599 3552 paterius
625 3487 682 3534 illud
714 3487 787 3542 miris,
803 3486 873 3549 legati
892 3503 921 3536 ex
938 3489 1075 3538 Macedonia
1093 3502 1166 3538 eructo
1179 3495 1222 3541 od·

175 3554 271 3610 conicio,
281 3566 306 3602 ur
317 3555 419 3602 observat
429 3563 493 3608 recte
504 3553 640 3601 Gronovius.
714 3555 802 3599 modom
813 3569 883 3600 morse
893 3551 1013 3602 Februarlo
1023 3555 1118 3606 rediisse
1131 3571 1220 3604 memo-

209 3615 231 3650 ⁴⁶
260 3619 296 3667 M.
328 3618 392 3666 lietr'o
421 3621 509 3680 pretori
539 3615 679 3678 mandatnm]
714 3629 802 3665 rantur.

177 3680 238 3742 Ergo
260 3683 297 3730 M.
318 3683 401 3732 Retiur
419 3697 502 3748 praetor
519 3681 619 3731 hrbanus
638 3683 682 3728 hoc
747 3683 769 3716 *θ
787 3680 1014 3744 'Pmombitionem1
1029 3683 1173 3747 l’erpmvam
1184 3686 1222 3733 iu·

177 3762 238 3794 suno
252 3749 306 3796 suit.
339 3749 403 3796 Editi
415 3749 525 3800 haeream
543 3747 628 3794 habent
639 3743 683 3794 lia·
717 3747 867 3808 dulgentiam,
886 3749 1002 3811 aptanda
1024 3749 1123 3796 &Mum
1145 3752 1223 3810 grstia

176 3814 217 3858 cio.
252 3812 348 3874 Pighius
371 3830 411 3878 per
432 3813 599 3878 diphthongum
616 3811 686 3858 ellert
717 3829 792 3861 causa.

178 3876 328 3934 hecnomen,
345 3877 439 3927 liuciae.
474 3878 547 3926 Nobis
558 3875 685 3931 consultius
749 3879 771 3913 ⁴⁹
799 3876 890 3926 Βία-τινι
915 3895 948 3926 eos
976 3876 1053 3927 Pan-a
1078 3879 1219 3942 acceperunt]

179 3941 298 4016 visumast
318 3958 369 3990 eam
380 3945 444 4008 sequi
460 3945 602 4006 scripturam,
618 3957 685 4016 quarn
717 3943 772 3991 Duo
790 3955 905 4007 poserem
923 3943 991 3991 verbs
1005 3943 1057 3990 dele
1074 3944 1223 4018 cumlFrein·

181 4007 689 4137 luent,l..':tli.,¹:.⁹;3;.t..l⁶,·.tl,
716 4008 1223 4134 alulitGittltt..i‘l..{ll.²l?‡

178 4134 210 4181 sic
222 4135 387 4186 uoruiosturet
398 4137 509 4185 scribitur.
719 4139 809 4188 cladem
828 4153 879 4185 eam
892 4155 943 4200 quoe
962 4139 1008 4201 Ap.
1025 4137 1114 4186 Claudii
1125 4142 1223 4188 temeri-

210 4199 234 4234 ⁴⁷
262 4201 321 4250 Ante
354 4203 411 4249 diem
441 4206 555 4264 quosnam,
577 4199 687 4250 Kalcrulm
718 4216 766 4252 tate
777 4203 975 4267 acceptassent:
991 4205 1125 4267 eosqucqni
1135 4207 1223 4254 relere-

182 4261 323 4328 Septcmbrer]
343 4267 404 4328 Lege
422 4269 515 4315 omniuo
533 4283 585 4316 cum
605 4267 687 4328 Mghio
719 4271 774 4317 bant
794 4283 918 4332 perpaucos
939 4268 1012 4316 Italici
1033 4272 1124 4332 generis
1144 4271 1168 4316 in
1195 4285 1224 4318 es

180 4323 291 4377 Kalendas
316 4329 453 4380 Formam.
486 4333 558 4397 Supra
575 4333 636 4380 enim
652 4333 687 4379 di·
720 4335 822 4390 amissoe,
835 4334 926 4382 elevare
944 4349 971 4382 ac
981 4336 1085 4384 minuere
1100 4348 1180 4382 eontra
1189 4335 1224 4383 rei

179 4391 240 4438 citur
268 4395 297 4441 Α.
319 4395 419 4445 Hostilio
438 4397 584 4462 imperatum,
603 4401 634 4444 ito
651 4414 685 4444 co·
719 4399 842 4448 veritatem
854 4396 914 4446 illius
924 4399 992 4448 cladis
1003 4400 1157 4464 ignominiam.

179 4457 242 4534 milia
271 4461 393 4510 scurrilibus
418 4463 558 4528 rithrogondis
589 4463 689 4522 ediceret
753 4465 776 4500 ⁵0
794 4461 866 4516 I'erte'o
890 4466 926 4513 die
947 4475 995 4527 ,on
1021 4465 1154 4515 Tauiana
1174 4461 1223 4510 Ka·
