3184 5225
466 414 543 475 LlB.
563 415 658 475 XLV.
679 414 762 477 CAP.
780 416 891 477 xurV.
1154 424 1213 485 217

166 568 333 635 ‘Romano
347 568 428 633 Galli
443 572 646 655 possiderent,
666 570 811 637 daretur!
857 570 969 635 Filium
985 582 1140 656 postremo
1154 573 1214 638 Ni·
1226 602 1261 651 u,
1271 604 1300 654 c,
1310 607 1369 655 505,

165 658 324 721 eomedem
338 660 456 723 serratui
467 660 704 723 commendavit.
748 660 907 740 Omnium,
921 660 1016 743 quiin
1028 659 1216 725 Macedonia
1227 670 1256 720 a
1268 668 1298 719 c.
1309 670 1363 720 tur.

166 745 364 826 imperatores
379 744 509 825 fuerant,
534 747 637 809 favore
652 759 700 810 est
715 745 849 829 adjutus.
893 745 1003 829 ltaque
1021 759 1215 831 ceteraque

165 832 298 913 petebat,
313 852 478 895 concessa:
504 833 543 895 de
558 852 632 915 agro
647 852 827 916 responsum
841 844 900 909 est,
920 834 930 865 ‘
946 832 1081 915 Legatos
1096 835 1215 899 adrem

166 920 176 952 ‘
192 918 413 999 inspiciendam
431 920 583 981 missuros.
620 916 654 981 Si
669 940 742 1001 ager
757 919 863 1003 populi
879 919 1011 982 Romani
1028 921 1143 999 luisset,
1157 944 1215 985 neo

164 1003 331 1087 ‘cuiquam
346 1006 436 1067 datus
451 1016 541 1083 esset,
564 1006 777 1087 dignissimum
799 1026 838 1067 eo
861 1006 944 1068 dono
965 1005 1101 1069 Prusiam
1126 1009 1215 1073 habi·

165 1092 274 1152 ‘turos
290 1112 368 1151 esse.
413 1088 447 1152 Si
463 1102 565 1153 autern
590 1092 736 1154 Antiochi
761 1113 824 1154 non
848 1090 965 1169 fuisset,
991 1113 1030 1155 eo
1050 1113 1089 1155 ne
1110 1096 1214 1179 populi

165 1176 177 1209 ‘
192 1176 315 1257 quidem
332 1176 464 1237 Rotnani
476 1177 592 1239 factum
606 1176 771 1259 adparere:
797 1190 862 1256 aut,
874 1178 899 1239 si
911 1179 1003 1241 datus
1017 1178 1113 1241 Gallis
1122 1196 1214 1261 esset,

165 1262 175 1295 ⁶
192 1263 350 1345 ignoscere
364 1260 501 1325 Prusiam
517 1262 637 1343 debere,
652 1265 677 1325 si
693 1280 732 1325 ex
747 1263 859 1325 nullius
874 1262 985 1346 injuria
999 1264 1165 1347 quidquam
1184 1270 1214 1331 ci

163 1349 175 1383 ‘
192 1350 299 1411 datum
314 1349 407 1412 vellet
419 1349 547 1433 populus
563 1348 728 1413 Romanus.
772 1352 799 1397 ²⁷
811 1348 859 1411 Ne
873 1350 956 1433 quod
975 1350 1063 1413 detur
1079 1354 1214 1434 quidem,

164 1436 314 1515 ‘gramm
340 1456 406 1497 esse
433 1436 548 1498 donum
575 1456 675 1519 posse,
701 1436 782 1517 quod
797 1456 880 1515 eum,
895 1436 946 1517 qui
963 1437 1027 1514 det,
1042 1438 1095 1499 ubi
1109 1440 1213 1519 vellet,

162 1521 362 1607 ‘ablaturum
379 1544 445 1584 csse
460 1522 547 1585 sciat.
594 1520 696 1585 Facile
711 1520 890 1585 Nicomedis
911 1524 1213 1589 commendationem

162 1608 341 1692 ‘accipere
385 1608 509 1680 Quanta
534 1630 608 1671 cura
633 1630 739 1691 regum
762 1610 930 1672 amicorum
956 1610 1066 1673 liberos
1092 1624 1213 1676 tueatur

161 1694 320 1777 ‘populus
346 1694 512 1773 Romanus,
536 1697 722 1758 documento
748 1694 944 1759 Ptolemaeum
964 1694 1092 1781 AEgypti
1108 1720 1212 1781 regern

161 1780 278 1843 ‘ossa'
322 1779 401 1844 Cum
416 1782 475 1844 hoc
491 1803 639 1865 responso
655 1780 771 1845 Prusias
791 1796 839 1846 est
858 1783 1009 1845 dimissus.
1042 1786 1069 1823 ²⁰
1081 1784 1214 1847 Munera

161 1867 193 1929 ei
204 1888 243 1929 ex
255 1870 275 1909 ⁴⁸
287 1877 300 1907 ⁰
312 1868 460 1932 sestertiis
467 1866 554 1950 jussa
562 1868 639 1947 deri,
651 1880 683 1931 et
691 1890 831 1931 vasorum
844 1882 1055 1951 argenteorum
1071 1874 1098 1911 ¹⁹
1108 1872 1213 1955 pondo

161 1954 399 2035 quinquaginta.
424 1966 456 2017 et
479 1954 543 2016 filio
567 1955 646 2035 regis
672 1953 834 2017 Nicomedi
849 1977 887 2018 err
902 1978 940 2018 ea
953 1977 1072 2017 summa
1088 1978 1214 2020 munera

160 2040 233 2101 dari
249 2051 444 2117 censuerunt,
459 2062 498 2103 ex
513 2062 573 2122 qua
587 2040 743 2123 lllasgabae
758 2042 822 2103 lilio
844 2042 923 2123 regis
947 2040 1118 2105 Masinissa·
1139 2044 1214 2105 data

160 2138 291 2189 essent:
308 2138 340 2189 et
355 2138 390 2189 ut
404 2128 534 2189 victimae
546 2126 675 2209 aliaque,
689 2148 754 2209 qua
769 2128 809 2188 ad
818 2128 1000 2191 sacrificium
1016 2129 1214 2211 pertinerent,

161 2234 219 2275 seu
235 2212 353 2291 Rome,
379 2234 431 2275 seu
456 2212 606 2275 Praeneste
632 2214 780 2275 inmolare
796 2214 900 2291 vellet,
925 2214 989 2295 regi
1013 2236 1052 2276 ex
1078 2216 1214 2297 publico,

160 2300 246 2362 sicut
272 2300 501 2381 magistratibus
524 2299 682 2375 Romanis,
709 2300 935 2381 praeberentur:
960 2312 993 2362 et
1007 2313 1043 2363 ut
1057 2322 1096 2363 ex
1106 2301 1213 2380 classe,

163 2406 235 2467 qua
249 2384 406 2449 Brundisii
421 2398 511 2465 essct,
527 2408 619 2449 naves
635 2386 733 2467 lougae
747 2386 857 2467 viginti
884 2386 1126 2467 adsignarentur,
1145 2390 1213 2469 qui·

159 2474 221 2537 bus
236 2484 384 2549 uteretur,
399 2473 497 2536 donec
518 2476 545 2512 ³⁰
556 2473 595 2534 ad
610 2471 748 2549 classem,
768 2473 852 2534 dono
867 2473 972 2535 datam
985 2474 1025 2550 ei,
1041 2494 1094 2536 rex
1106 2495 1213 2556 perve-

157 2560 270 2623 nisset.
316 2556 353 2622 lr.
366 2558 524 2622 Cornelius
540 2557 645 2642 Scipio
660 2580 698 2622 ne
714 2558 753 2620 ab
768 2580 807 2621 eo
821 2559 1008 2637 abscederet,
1020 2572 1213 2644 auratumque

159 2647 222 2728 ipsi
238 2657 270 2708 ct
286 2647 449 2708 comitibus
471 2647 628 2730 preberet,
652 2647 751 2707 donec
777 2666 887 2708 navem
912 2649 937 2685 ⁸¹
949 2648 1178 2712 conscendisset
1188 2647 1213 2709 ἅ.

160 2731 285 2794 ”Mire
311 2733 412 2796 latum
434 2744 466 2794 et
488 2753 526 2794 ea
540 2733 730 2814 benignitate
745 2731 777 2793 in
792 2753 826 2794 se
841 2733 946 2815 populi
962 2732 1092 2795 Romani
1108 2754 1212 2815 regern

161 2819 269 2896 fuisse,
295 2817 416 2882 lerunt:
440 2823 466 2858 ³³
480 2839 607 2882 munera
627 2819 683 2880 sibi
710 2818 809 2901 ipsum
824 2819 952 2896 emisse;
979 2819 1076 2882 filium
1087 2819 1212 2903 jussisse

162 2906 280 2967 dunum
320 2906 424 2988 populi
463 2905 595 2968 Romani
624 2905 770 2987 accipere.
815 2904 890 2967 Haec
917 2904 956 2967 de
983 2904 1088 2968 Prusia
1117 2908 1212 2968 nostri

162 2993 340 3074 scriptores.
375 2995 402 3030 ³⁸
413 2990 565 3076 Polybius,
592 3011 660 3054 eum
677 3013 779 3072 regern
795 2992 955 3072 indignum
975 2990 1138 3074 majestate
1154 3014 1211 3055 no·
1226 3011 1313 3064 umen
1322 3016 1356 3064 vt.

163 3077 257 3140 minis
267 3078 357 3158 tanti,
369 3079 482 3154 tradit3
500 3077 655 3162 pileatum,
669 3079 769 3160 capite
779 3099 858 3154 raso,
872 3081 900 3118 ³⁵
913 3078 1035 3140 obviam
1051 3079 1093 3140 ire
1104 3079 1213 3161 legatis
1225 3080 1285 3130 lita.

164 3165 301 3243 solitum,
327 3165 530 3246 libertumque
550 3185 583 3226 se
597 3165 703 3248 populi
720 3162 851 3226 Romani
867 3164 944 3227 ferre
953 3189 964 3242 3
987 3175 1021 3226 et
1035 3165 1104 3227 ideo
1119 3167 1213 3246 insig-

195 3289 354 3337 ‘asterisenm
366 3289 431 3354 ponit
443 3300 493 3355 post
504 3289 604 3337 oertertiia
612 3287 686 3338 Grau.
709 3285 772 3336 Nota
784 3285 874 3334 laeana
884 3285 947 3335 nulle
957 3297 991 3336 eet
1004 3287 1027 3333 in
1036 3287 1107 3335 Crev.
1142 3284 1215 3334 ¹¹enrr-

164 3355 294 3402 eeendineut
306 3353 382 3404 Gran.

200 3440 270 3490 mx,
284 3447 342 3506 pund
362 3445 428 3492 detur
444 3442 542 3507 pridem]
563 3443 677 3500 Ferreae,
707 3441 732 3489 in
752 3457 784 3488 ee.
817 3439 869 3487 Noe
885 3453 937 3488 eam
956 3439 1052 3488 omnino
1073 3455 1215 3504 suppressam

165 3507 374 3570 inqultbluretus,
383 3509 590 3572 proi‚idesr,eui.
629 3507 675 3558 Sed
709 3505 866 3556 maluerimus.

165 3573 268 3621 obsoleta
287 3589 344 3622 voce
363 3589 430 3623 usum
447 3589 496 3622 esee
521 3573 609 3622 Livium
629 3588 676 3622 non
739 3569 1017 3629 ”inmutatum
1036 3570 1118 3633 enine]
1153 3571 1216 3634 Lege

164 3639 230 3688 ferale
243 3640 367 3688 credimur.
400 3637 545 3702 chonamua
554 3641 600 3686 eui.
707 3651 759 3686 cum
773 3635 1002 3694 Gronoviorenuiue.

197 3705 220 3740 ὃ
232 3703 365 3752 diunensi
379 3719 405 3751 er
421 3707 520 3752 mortu
528 3706 594 3764 justu
612 3703 675 3768 duri]
738 3701 760 3735 ³⁴
773 3699 878 3764 Polybiru
897 3715 948 3747 eure
967 3699 1051 3764 regen]
1085 3699 1146 3748 Eum
1167 3702 1215 3752 vid.

166 3769 260 3818 Excidit
272 3785 385 3817 numerus
395 3770 560 3817 sestertiorum.
708 3766 787 3824 laga.
798 3767 838 3815 97.

199 3836 221 3870 ’ὃ
234 3833 492 3898 Poudoqninqunginto]
522 3834 675 3883 Marsaeque·
741 3831 762 3865 ³⁵
775 3830 791 3859 θ
804 3830 894 3878 ult-tam
902 3831 935 3876 ire
944 3831 1021 3894 legatie
1029 3829 1126 3892 murm]
1155 3828 1216 3878 Hac

167 3901 289 3948 trateslti.
302 3899 369 3948 tureis
382 3901 403 3946 l.
708 3895 856 3956 intelligenda
875 3906 930 3942 eunt
948 3896 977 3943 de
1006 3892 1088 3952 legetis
1112 3893 1168 3941 olim
1188 3895 1217 3941 ed

204 3961 273 4010 ³⁰dd
288 3965 375 4012 elom
395 3965 450 4011 dono
464 3964 541 4011 delam
554 3963 587 4026 ei]
618 3963 677 4011 Dis.
708 3975 763 4009 eum
779 3961 862 4016 missis,
880 3975 927 4008 non
948 3961 978 4008 de
997 3975 1027 4007 eo
1046 3971 1150 4021 tempore
1170 3975 1217 4022 quo

170 4025 407 4088 cimmerboeluco,
423 4027 442 4076 ri
460 4029 530 4076 modo
548 4042 616 4076 unua
633 4041 678 4089 ert,
708 4026 756 4089 ipse
780 4026 876 4073 lionam
893 4026 965 4074 venit.
998 4024 1217 4072 ldeodicitnrl’ru·

169 4092 328 4142 wemma
341 4094 451 4141 Romanis
463 4094 550 4142 Prusiae
561 4093 676 4154 regicleu·
708 4093 752 4139 eiu
778 4094 853 4138 millae
872 4091 960 4138 mutarn
983 4090 1007 4138 in
1034 4089 1126 4149 legatis:
1155 4093 1216 4152 qnod

169 4173 229 4222 rem,
241 4175 270 4208 ex
282 4159 378 4207 neribus
390 4159 498 4206 nimirum
510 4159 596 4208 Perreo
609 4174 675 4223 erep-
710 4157 772 4204 verbi
795 4157 907 4218 quadrare
928 4171 974 4202 non
1000 4166 1076 4220 potest
1095 4157 1118 4204 in
1142 4173 1216 4206 unum

168 4223 206 4270 tia.
711 4221 802 4284 aliquod
828 4219 925 4280 saarim,
952 4223 992 4267 sed
1020 4219 1085 4284 plura
1114 4221 1216 4270 denotat.

202 4289 222 4324 ³¹
235 4285 406 4350 Comma]
457 4285 550 4352 Nempe
576 4285 675 4336 Prusiae.
710 4285 947 4345 Neeserolegetiud
966 4285 1068 4334 Prusiam
1084 4288 1216 4335 venientem

172 4353 323 4400 Grmovlenae
343 4354 456 4401 editiones
475 4351 558 4400 liabent
575 4369 676 4400 conmn·
712 4351 810 4400 Romam
831 4351 894 4398 missi
915 4361 979 4408 eunt,
994 4352 1034 4399 red
1052 4353 1078 4402 1.
1095 4352 1217 4402 Cornelius

170 4418 256 4476 duent,
268 4431 349 4466 contre
360 4420 442 4482 primae
455 4417 559 4466 editionis
568 4418 643 4466 fidem.
710 4417 788 4481 Scipio
807 4428 914 4481 quaestor,
933 4428 959 4466 ut
979 4433 1045 4482 supra
1064 4431 1216 4468 memoratum

205 4482 227 4514 ³³
237 4483 296 4532 Μῖνι
305 4484 382 4530 letum
391 4493 413 4532 et
428 4499 454 4530 eu
470 4483 601 4546 lenigaitate
617 4515 624 4530 .
641 4515 649 4530 .
667 4513 675 4529 ·
708 4493 752 4532 att.

171 4547 252 4612 regen]
278 4549 406 4599 Manutius
422 4557 497 4598 mutat
514 4547 677 4612 peniculamet
