<?xml version="1.0" encoding="UTF-8"?>
<!DOCTYPE html PUBLIC "-//W3C//DTD XHTML 1.0 Transitional//EN"
    "http://www.w3.org/TR/xhtml1/DTD/xhtml1-transitional.dtd">
<html xmlns="http://www.w3.org/1999/xhtml" xml:lang="en" lang="en">
 <head>
  <title>
</title>
<meta http-equiv="Content-Type" content="text/html;charset=utf-8" />
  <meta name='ocr-system' content='tesseract 3.04.00' />
  <meta name='ocr-capabilities' content='ocr_page ocr_carea ocr_par ocr_line ocrx_word'/>
</head>
<body>
  <div class='ocr_page' id='page_1' title='image "./tliviipatavinih02grongoog_0221.png"; bbox 0 0 3184 5225; ppageno 0'>
   <div class='ocr_carea' id='block_1_1' title="bbox 485 411 1216 474">
    <p class='ocr_par' dir='ltr' id='par_1_1' title="bbox 485 411 1216 474">
     <span class='ocr_line' id='line_1_1' title="bbox 485 411 1216 474; baseline 0.003 -3"><span class='ocrx_word' id='word_1_1' title='bbox 485 411 563 471; x_wconf 72' lang='grc' dir='ltr'>ΗΒ.</span> <span class='ocrx_word' id='word_1_2' title='bbox 584 412 677 473; x_wconf 85' lang='lat' dir='ltr'>XLV.</span> <span class='ocrx_word' id='word_1_3' title='bbox 698 412 781 472; x_wconf 79' lang='lat' dir='ltr'>cnP.</span> <span class='ocrx_word' id='word_1_4' title='bbox 801 412 883 471; x_wconf 80' lang='lat' dir='ltr'>XLI.</span> <span class='ocrx_word' id='word_1_5' title='bbox 1158 418 1216 474; x_wconf 64' lang='grc'>918</span> 
     </span>
    </p>
   </div>
   <div class='ocr_carea' id='block_1_2' title="bbox 155 563 1368 3330">
    <p class='ocr_par' dir='ltr' id='par_1_2' title="bbox 155 563 1368 3330">
     <span class='ocr_line' id='line_1_2' title="bbox 165 563 1368 649; baseline 0.004 -22"><span class='ocrx_word' id='word_1_6' title='bbox 165 564 177 597; x_wconf 89' lang='lat'>‘</span> <span class='ocrx_word' id='word_1_7' title='bbox 191 563 261 627; x_wconf 90' lang='lat' dir='ltr'>culo</span> <span class='ocrx_word' id='word_1_8' title='bbox 277 564 360 626; x_wconf 87' lang='lat' dir='ltr'>vobis</span> <span class='ocrx_word' id='word_1_9' title='bbox 372 584 451 627; x_wconf 90' lang='lat' dir='ltr'>nunc</span> <span class='ocrx_word' id='word_1_10' title='bbox 465 565 634 649; x_wconf 92' lang='lat' dir='ltr'>triumphus</span> <span class='ocrx_word' id='word_1_11' title='bbox 645 588 739 645; x_wconf 88' lang='lat' dir='ltr'>meus,</span> <span class='ocrx_word' id='word_1_12' title='bbox 750 589 831 630; x_wconf 88' lang='lat' dir='ltr'>nunc</span> <span class='ocrx_word' id='word_1_13' title='bbox 841 568 946 629; x_wconf 83' lang='lat' dir='ltr'>lunera</span> <span class='ocrx_word' id='word_1_14' title='bbox 954 566 1116 629; x_wconf 87' lang='lat' dir='ltr'>liberorum</span> <span class='ocrx_word' id='word_1_15' title='bbox 1127 588 1213 631; x_wconf 89' lang='lat' dir='ltr'>meo-</span> <span class='ocrx_word' id='word_1_16' title='bbox 1227 580 1260 633; x_wconf 80' lang='lat' dir='ltr'>v.</span> <span class='ocrx_word' id='word_1_17' title='bbox 1271 583 1301 633; x_wconf 90' lang='lat' dir='ltr'>c.</span> <span class='ocrx_word' id='word_1_18' title='bbox 1311 582 1368 632; x_wconf 74' lang='lat' dir='ltr'>tta.</span> 
     </span>
     <span class='ocr_line' id='line_1_3' title="bbox 166 644 1365 737; baseline 0.003 -25"><span class='ocrx_word' id='word_1_19' title='bbox 166 651 257 713; x_wconf 88' lang='lat' dir='ltr'>‘rum</span> <span class='ocrx_word' id='word_1_20' title='bbox 274 650 406 728; x_wconf 84' lang='lat' dir='ltr'>fuerint3</span> <span class='ocrx_word' id='word_1_21' title='bbox 433 666 534 714; x_wconf 90' lang='lat' dir='ltr'>tamen</span> <span class='ocrx_word' id='word_1_22' title='bbox 551 654 667 735; x_wconf 88' lang='lat' dir='ltr'>paucis,</span> <span class='ocrx_word' id='word_1_23' title='bbox 690 676 802 737; x_wconf 79' lang='lat' dir='ltr'>quaeso,</span> <span class='ocrx_word' id='word_1_24' title='bbox 820 654 928 716; x_wconf 85' lang='lat' dir='ltr'>sinatis</span> <span class='ocrx_word' id='word_1_25' title='bbox 942 675 994 716; x_wconf 84' lang='lat' dir='ltr'>mc</span> <span class='ocrx_word' id='word_1_26' title='bbox 1007 674 1076 716; x_wconf 91' lang='lat' dir='ltr'>cum</span> <span class='ocrx_word' id='word_1_27' title='bbox 1092 654 1214 737; x_wconf 86' lang='lat' dir='ltr'>publica</span> <span class='ocrx_word' id='word_1_28' title='bbox 1226 650 1256 700; x_wconf 53' lang='lat' dir='ltr'>h</span> <span class='ocrx_word' id='word_1_29' title='bbox 1267 646 1298 696; x_wconf 77' lang='lat'>⁰·</span> <span class='ocrx_word' id='word_1_30' title='bbox 1311 644 1365 697; x_wconf 75' lang='lat'><strong>¹⁶⁷·</strong></span> 
     </span>
     <span class='ocr_line' id='line_1_4' title="bbox 165 737 1213 823; baseline 0.008 -25"><span class='ocrx_word' id='word_1_31' title='bbox 165 738 178 772; x_wconf 87' lang='lat'>‘</span> <span class='ocrx_word' id='word_1_32' title='bbox 193 737 339 799; x_wconf 86' lang='lat' dir='ltr'>felicitate</span> <span class='ocrx_word' id='word_1_33' title='bbox 354 758 531 820; x_wconf 86' lang='lat' dir='ltr'>comparare</span> <span class='ocrx_word' id='word_1_34' title='bbox 546 760 595 817; x_wconf 92' lang='lat' dir='ltr'>co,</span> <span class='ocrx_word' id='word_1_35' title='bbox 618 761 678 821; x_wconf 88' lang='lat' dir='ltr'>quo</span> <span class='ocrx_word' id='word_1_36' title='bbox 695 740 803 819; x_wconf 84' lang='lat' dir='ltr'>debeo,</span> <span class='ocrx_word' id='word_1_37' title='bbox 827 742 930 802; x_wconf 89' lang='lat' dir='ltr'>animo</span> <span class='ocrx_word' id='word_1_38' title='bbox 948 742 1096 823; x_wconf 84' lang='lat' dir='ltr'>privatam</span> <span class='ocrx_word' id='word_1_39' title='bbox 1113 762 1213 807; x_wconf 87' lang='lat' dir='ltr'>meam</span> 
     </span>
     <span class='ocr_line' id='line_1_5' title="bbox 164 823 1214 901; baseline 0.006 -16"><span class='ocrx_word' id='word_1_40' title='bbox 164 823 178 857; x_wconf 87' lang='lat'>‘</span> <span class='ocrx_word' id='word_1_41' title='bbox 192 824 356 887; x_wconf 81' lang='lat' dir='ltr'>fortunam.</span> <span class='ocrx_word' id='word_1_42' title='bbox 393 823 547 887; x_wconf 80' lang='lat' dir='ltr'>Profectus</span> <span class='ocrx_word' id='word_1_43' title='bbox 559 847 598 887; x_wconf 85' lang='lat' dir='ltr'>ex</span> <span class='ocrx_word' id='word_1_44' title='bbox 610 824 710 901; x_wconf 84' lang='lat' dir='ltr'>ltalia,</span> <span class='ocrx_word' id='word_1_45' title='bbox 727 827 854 889; x_wconf 80' lang='lat' dir='ltr'>classem</span> <span class='ocrx_word' id='word_1_46' title='bbox 866 848 885 887; x_wconf 86' lang='lat' dir='ltr'>a</span> <span class='ocrx_word' id='word_1_47' title='bbox 896 824 1059 888; x_wconf 74' lang='lat' dir='ltr'>Brundisio</span> <span class='ocrx_word' id='word_1_48' title='bbox 1070 826 1133 888; x_wconf 83' lang='lat' dir='ltr'>sole</span> <span class='ocrx_word' id='word_1_49' title='bbox 1144 841 1214 891; x_wconf 82' lang='lat' dir='ltr'>orto</span> 
     </span>
     <span class='ocr_line' id='line_1_6' title="bbox 165 910 1213 997; baseline 0.006 -24"><span class='ocrx_word' id='word_1_50' title='bbox 165 910 286 989; x_wconf 79' lang='lat' dir='ltr'>‘solsi3</span> <span class='ocrx_word' id='word_1_51' title='bbox 309 931 391 972; x_wconf 88' lang='lat' dir='ltr'>nona</span> <span class='ocrx_word' id='word_1_52' title='bbox 405 912 466 973; x_wconf 92' lang='lat' dir='ltr'>diei</span> <span class='ocrx_word' id='word_1_53' title='bbox 481 911 556 973; x_wconf 86' lang='lat' dir='ltr'>hora</span> <span class='ocrx_word' id='word_1_54' title='bbox 570 932 639 973; x_wconf 89' lang='lat' dir='ltr'>cum</span> <span class='ocrx_word' id='word_1_55' title='bbox 656 912 795 974; x_wconf 88' lang='lat' dir='ltr'>omnibus</span> <span class='ocrx_word' id='word_1_56' title='bbox 819 913 895 975; x_wconf 89' lang='lat' dir='ltr'>meis</span> <span class='ocrx_word' id='word_1_57' title='bbox 907 914 1032 975; x_wconf 79' lang='lat' dir='ltr'>travibus</span> <span class='ocrx_word' id='word_1_58' title='bbox 1048 911 1213 997; x_wconf 75' lang='lat' dir='ltr'><strong>Corcyram</strong></span> 
     </span>
     <span class='ocr_line' id='line_1_7' title="bbox 166 996 1212 1081; baseline 0.004 -23"><span class='ocrx_word' id='word_1_59' title='bbox 166 998 178 1031; x_wconf 92' lang='lat'>‘</span> <span class='ocrx_word' id='word_1_60' title='bbox 193 998 288 1059; x_wconf 89' lang='lat' dir='ltr'>tenui.</span> <span class='ocrx_word' id='word_1_61' title='bbox 321 996 398 1059; x_wconf 92' lang='lat' dir='ltr'>Inde</span> <span class='ocrx_word' id='word_1_62' title='bbox 410 998 516 1080; x_wconf 87' lang='lat' dir='ltr'>quinto</span> <span class='ocrx_word' id='word_1_63' title='bbox 529 998 578 1061; x_wconf 92' lang='lat' dir='ltr'>die</span> <span class='ocrx_word' id='word_1_64' title='bbox 589 996 719 1081; x_wconf 82' lang='lat' dir='ltr'>Delphis</span> <span class='ocrx_word' id='word_1_65' title='bbox 730 998 866 1081; x_wconf 83' lang='lat' dir='ltr'><strong>Apollini</strong></span> <span class='ocrx_word' id='word_1_66' title='bbox 876 1020 932 1081; x_wconf 90' lang='lat' dir='ltr'>pro</span> <span class='ocrx_word' id='word_1_67' title='bbox 944 1020 1003 1077; x_wconf 86' lang='lat' dir='ltr'>nse,</span> <span class='ocrx_word' id='word_1_68' title='bbox 1015 1000 1212 1062; x_wconf 85' lang='lat' dir='ltr'>exercitibus·</span> 
     </span>
     <span class='ocr_line' id='line_1_8' title="bbox 165 1082 1212 1168; baseline 0.004 -23"><span class='ocrx_word' id='word_1_69' title='bbox 165 1082 260 1165; x_wconf 86' lang='lat' dir='ltr'>‘que,</span> <span class='ocrx_word' id='word_1_70' title='bbox 277 1084 463 1146; x_wconf 87' lang='lat' dir='ltr'>etclossibus</span> <span class='ocrx_word' id='word_1_71' title='bbox 480 1083 597 1146; x_wconf 77' lang='lat' dir='ltr'>‘lustra</span> <span class='ocrx_word' id='word_1_72' title='bbox 608 1084 783 1147; x_wconf 83' lang='lat' dir='ltr'>sacrificavi.</span> <span class='ocrx_word' id='word_1_73' title='bbox 821 1084 991 1168; x_wconf 87' lang='lat' dir='ltr'>ADelphis</span> <span class='ocrx_word' id='word_1_74' title='bbox 1002 1085 1110 1167; x_wconf 88' lang='lat' dir='ltr'>quinto</span> <span class='ocrx_word' id='word_1_75' title='bbox 1121 1087 1170 1150; x_wconf 89' lang='lat' dir='ltr'>die</span> <span class='ocrx_word' id='word_1_76' title='bbox 1180 1088 1212 1149; x_wconf 89' lang='lat' dir='ltr'>in</span> 
     </span>
     <span class='ocr_line' id='line_1_9' title="bbox 164 1169 1212 1255; baseline 0.004 -24"><span class='ocrx_word' id='word_1_77' title='bbox 164 1169 177 1201; x_wconf 87' lang='lat'>‘</span> <span class='ocrx_word' id='word_1_78' title='bbox 191 1182 292 1233; x_wconf 85' lang='lat' dir='ltr'>castra</span> <span class='ocrx_word' id='word_1_79' title='bbox 300 1170 436 1253; x_wconf 83' lang='lat' dir='ltr'>perveni:</span> <span class='ocrx_word' id='word_1_80' title='bbox 450 1172 501 1243; x_wconf 85' lang='lat' dir='ltr'>ubi</span> <span class='ocrx_word' id='word_1_81' title='bbox 514 1172 647 1233; x_wconf 79' lang='lat' dir='ltr'>exercitu</span> <span class='ocrx_word' id='word_1_82' title='bbox 659 1184 797 1255; x_wconf 88' lang='lat' dir='ltr'>accepto,</span> <span class='ocrx_word' id='word_1_83' title='bbox 808 1172 933 1233; x_wconf 87' lang='lat' dir='ltr'>mutatis</span> <span class='ocrx_word' id='word_1_84' title='bbox 944 1171 1136 1253; x_wconf 89' lang='lat' dir='ltr'>quibusdam,</span> <span class='ocrx_word' id='word_1_85' title='bbox 1146 1194 1212 1255; x_wconf 78' lang='lat' dir='ltr'>quae</span> 
     </span>
     <span class='ocr_line' id='line_1_10' title="bbox 162 1257 1211 1341; baseline 0.004 -24"><span class='ocrx_word' id='word_1_86' title='bbox 162 1258 175 1291; x_wconf 82' lang='lat'><em>⁴</em></span> <span class='ocrx_word' id='word_1_87' title='bbox 190 1276 303 1339; x_wconf 86' lang='lat' dir='ltr'>magna</span> <span class='ocrx_word' id='word_1_88' title='bbox 313 1257 658 1339; x_wconf 84' lang='lat' dir='ltr'>inpedimentavictoriae</span> <span class='ocrx_word' id='word_1_89' title='bbox 670 1270 767 1337; x_wconf 90' lang='lat' dir='ltr'>erant,</span> <span class='ocrx_word' id='word_1_90' title='bbox 777 1278 963 1340; x_wconf 88' lang='lat' dir='ltr'>progressus,</span> <span class='ocrx_word' id='word_1_91' title='bbox 978 1258 1049 1339; x_wconf 86' lang='lat' dir='ltr'>quis</span> <span class='ocrx_word' id='word_1_92' title='bbox 1060 1258 1211 1341; x_wconf 83' lang='lat' dir='ltr'>inexpug-</span> 
     </span>
     <span class='ocr_line' id='line_1_11' title="bbox 163 1344 1210 1429; baseline 0.003 -25"><span class='ocrx_word' id='word_1_93' title='bbox 163 1345 175 1375; x_wconf 90' lang='lat'>‘</span> <span class='ocrx_word' id='word_1_94' title='bbox 190 1344 304 1405; x_wconf 83' lang='lat' dir='ltr'>nabilis</span> <span class='ocrx_word' id='word_1_95' title='bbox 313 1355 411 1405; x_wconf 77' lang='lat' dir='ltr'>casua</span> <span class='ocrx_word' id='word_1_96' title='bbox 423 1344 557 1406; x_wconf 88' lang='lat' dir='ltr'>hostium</span> <span class='ocrx_word' id='word_1_97' title='bbox 568 1356 664 1423; x_wconf 88' lang='lat' dir='ltr'>erant,</span> <span class='ocrx_word' id='word_1_98' title='bbox 678 1366 777 1427; x_wconf 86' lang='lat' dir='ltr'>neque</span> <span class='ocrx_word' id='word_1_99' title='bbox 787 1345 856 1426; x_wconf 80' lang='lat' dir='ltr'>cogi</span> <span class='ocrx_word' id='word_1_100' title='bbox 868 1354 1134 1429; x_wconf 86' lang='lat' dir='ltr'>pugnarepoterat</span> <span class='ocrx_word' id='word_1_101' title='bbox 1146 1366 1210 1424; x_wconf 85' lang='lat' dir='ltr'>rex,</span> 
     </span>
     <span class='ocr_line' id='line_1_12' title="bbox 164 1429 1210 1514; baseline 0.005 -25"><span class='ocrx_word' id='word_1_102' title='bbox 164 1429 269 1492; x_wconf 88' lang='lat' dir='ltr'>‘inter</span> <span class='ocrx_word' id='word_1_103' title='bbox 284 1431 424 1513; x_wconf 80' lang='lat' dir='ltr'>praesidia</span> <span class='ocrx_word' id='word_1_104' title='bbox 437 1429 502 1513; x_wconf 89' lang='lat' dir='ltr'>ejus</span> <span class='ocrx_word' id='word_1_105' title='bbox 518 1432 652 1505; x_wconf 78' lang='lat' dir='ltr'>‘saltum</span> <span class='ocrx_word' id='word_1_106' title='bbox 667 1432 706 1492; x_wconf 90' lang='lat' dir='ltr'>ad</span> <span class='ocrx_word' id='word_1_107' title='bbox 722 1430 840 1493; x_wconf 83' lang='lat' dir='ltr'>Petram</span> <span class='ocrx_word' id='word_1_108' title='bbox 856 1432 947 1509; x_wconf 83' lang='lat' dir='ltr'>evasi,</span> <span class='ocrx_word' id='word_1_109' title='bbox 962 1443 1005 1509; x_wconf 91' lang='lat' dir='ltr'>et,</span> <span class='ocrx_word' id='word_1_110' title='bbox 1020 1432 1058 1492; x_wconf 88' lang='lat' dir='ltr'>ad</span> <span class='ocrx_word' id='word_1_111' title='bbox 1074 1452 1210 1514; x_wconf 80' lang='lat' dir='ltr'>pugnam</span> 
     </span>
     <span class='ocr_line' id='line_1_13' title="bbox 162 1516 1210 1601; baseline 0.002 -24"><span class='ocrx_word' id='word_1_112' title='bbox 162 1516 174 1547; x_wconf 94' lang='lat'>‘</span> <span class='ocrx_word' id='word_1_113' title='bbox 191 1538 261 1597; x_wconf 81' lang='lat' dir='ltr'>rege</span> <span class='ocrx_word' id='word_1_114' title='bbox 270 1530 391 1593; x_wconf 88' lang='lat' dir='ltr'>coacto,</span> <span class='ocrx_word' id='word_1_115' title='bbox 401 1518 466 1579; x_wconf 89' lang='lat' dir='ltr'>acie</span> <span class='ocrx_word' id='word_1_116' title='bbox 476 1518 551 1579; x_wconf 85' lang='lat' dir='ltr'>vici:</span> <span class='ocrx_word' id='word_1_117' title='bbox 568 1516 784 1579; x_wconf 86' lang='lat' dir='ltr'>Macedoniam</span> <span class='ocrx_word' id='word_1_118' title='bbox 794 1519 826 1579; x_wconf 91' lang='lat' dir='ltr'>in</span> <span class='ocrx_word' id='word_1_119' title='bbox 837 1529 1023 1599; x_wconf 85' lang='lat' dir='ltr'>potestatem</span> <span class='ocrx_word' id='word_1_120' title='bbox 1033 1517 1135 1601; x_wconf 88' lang='lat' dir='ltr'>populi</span> <span class='ocrx_word' id='word_1_121' title='bbox 1145 1516 1210 1579; x_wconf 83' lang='lat' dir='ltr'>tto-</span> 
     </span>
     <span class='ocr_line' id='line_1_14' title="bbox 161 1603 1209 1688; baseline 0.004 -25"><span class='ocrx_word' id='word_1_122' title='bbox 161 1603 173 1634; x_wconf 94' lang='lat'>‘</span> <span class='ocrx_word' id='word_1_123' title='bbox 188 1604 272 1664; x_wconf 86' lang='lat' dir='ltr'>mani</span> <span class='ocrx_word' id='word_1_124' title='bbox 282 1604 395 1685; x_wconf 79' lang='lat' dir='ltr'>redegi,</span> <span class='ocrx_word' id='word_1_125' title='bbox 405 1616 447 1683; x_wconf 91' lang='lat' dir='ltr'>et,</span> <span class='ocrx_word' id='word_1_126' title='bbox 457 1604 539 1685; x_wconf 90' lang='lat' dir='ltr'>quod</span> <span class='ocrx_word' id='word_1_127' title='bbox 550 1605 663 1667; x_wconf 88' lang='lat' dir='ltr'>bellum</span> <span class='ocrx_word' id='word_1_128' title='bbox 678 1604 1127 1688; x_wconf 79' lang='lat' dir='ltr'>⁷perquadrienniumquatuor</span> <span class='ocrx_word' id='word_1_129' title='bbox 1137 1618 1209 1667; x_wconf 88' lang='lat' dir='ltr'>ante</span> 
     </span>
     <span class='ocr_line' id='line_1_15' title="bbox 163 1690 1209 1775; baseline 0.004 -26"><span class='ocrx_word' id='word_1_130' title='bbox 163 1690 174 1721; x_wconf 89' lang='lat'>‘</span> <span class='ocrx_word' id='word_1_131' title='bbox 191 1710 238 1750; x_wconf 89' lang='lat' dir='ltr'>me</span> <span class='ocrx_word' id='word_1_132' title='bbox 251 1690 390 1751; x_wconf 88' lang='lat' dir='ltr'>consules</span> <span class='ocrx_word' id='word_1_133' title='bbox 401 1692 444 1753; x_wconf 85' lang='lat' dir='ltr'>ita</span> <span class='ocrx_word' id='word_1_134' title='bbox 453 1702 619 1771; x_wconf 86' lang='lat' dir='ltr'>gesserunt,</span> <span class='ocrx_word' id='word_1_135' title='bbox 631 1702 666 1753; x_wconf 92' lang='lat' dir='ltr'>ut</span> <span class='ocrx_word' id='word_1_136' title='bbox 675 1712 792 1775; x_wconf 88' lang='lat' dir='ltr'>semper</span> <span class='ocrx_word' id='word_1_137' title='bbox 798 1691 963 1753; x_wconf 85' lang='lat' dir='ltr'>successori</span> <span class='ocrx_word' id='word_1_138' title='bbox 972 1690 1129 1753; x_wconf 79' lang='lat' dir='ltr'>traderent</span> <span class='ocrx_word' id='word_1_139' title='bbox 1137 1712 1209 1773; x_wconf 79' lang='lat' dir='ltr'>gra·</span> 
     </span>
     <span class='ocr_line' id='line_1_16' title="bbox 163 1775 1208 1861; baseline 0.003 -25"><span class='ocrx_word' id='word_1_140' title='bbox 163 1775 262 1854; x_wconf 89' lang='lat' dir='ltr'>‘vius,</span> <span class='ocrx_word' id='word_1_141' title='bbox 283 1776 314 1837; x_wconf 90' lang='lat' dir='ltr'>id</span> <span class='ocrx_word' id='word_1_142' title='bbox 330 1796 388 1859; x_wconf 85' lang='lat' dir='ltr'>ego</span> <span class='ocrx_word' id='word_1_143' title='bbox 403 1778 576 1859; x_wconf 88' lang='lat' dir='ltr'>quindecim</span> <span class='ocrx_word' id='word_1_144' title='bbox 593 1778 697 1841; x_wconf 91' lang='lat' dir='ltr'>diebus</span> <span class='ocrx_word' id='word_1_145' title='bbox 713 1778 835 1861; x_wconf 81' lang='lat' dir='ltr'>perfeci.</span> <span class='ocrx_word' id='word_1_146' title='bbox 878 1778 1014 1839; x_wconf 84' lang='lat' dir='ltr'>Aliarum</span> <span class='ocrx_word' id='word_1_147' title='bbox 1034 1777 1144 1840; x_wconf 85' lang='lat' dir='ltr'>deiude</span> <span class='ocrx_word' id='word_1_148' title='bbox 1159 1799 1208 1839; x_wconf 88' lang='lat' dir='ltr'>se-</span> 
     </span>
     <span class='ocr_line' id='line_1_17' title="bbox 163 1862 1208 1947; baseline 0.004 -24"><span class='ocrx_word' id='word_1_149' title='bbox 163 1862 175 1895; x_wconf 87' lang='lat'><strong>‘</strong></span> <span class='ocrx_word' id='word_1_150' title='bbox 190 1862 356 1925; x_wconf 88' lang='lat' dir='ltr'>cundarum</span> <span class='ocrx_word' id='word_1_151' title='bbox 366 1884 464 1925; x_wconf 87' lang='lat' dir='ltr'>rerum</span> <span class='ocrx_word' id='word_1_152' title='bbox 473 1864 555 1927; x_wconf 88' lang='lat' dir='ltr'>velut</span> <span class='ocrx_word' id='word_1_153' title='bbox 565 1877 727 1947; x_wconf 87' lang='lat' dir='ltr'>proventus</span> <span class='ocrx_word' id='word_1_154' title='bbox 737 1876 867 1927; x_wconf 88' lang='lat' dir='ltr'>secutus.</span> <span class='ocrx_word' id='word_1_155' title='bbox 877 1864 1015 1927; x_wconf 87' lang='lat' dir='ltr'>civitates</span> <span class='ocrx_word' id='word_1_156' title='bbox 1024 1863 1208 1927; x_wconf 81' lang='lat' dir='ltr'>omnesllla·</span> 
     </span>
     <span class='ocr_line' id='line_1_18' title="bbox 163 1950 1209 2034; baseline 0 -23"><span class='ocrx_word' id='word_1_157' title='bbox 163 1950 324 2011; x_wconf 80' lang='lat' dir='ltr'>‘cedonite</span> <span class='ocrx_word' id='word_1_158' title='bbox 339 1972 371 2012; x_wconf 90' lang='lat' dir='ltr'>se</span> <span class='ocrx_word' id='word_1_159' title='bbox 384 1950 564 2014; x_wconf 88' lang='lat' dir='ltr'>dediderunt</span> <span class='ocrx_word' id='word_1_160' title='bbox 570 1974 580 2028; x_wconf 91' lang='lat'>;</span> <span class='ocrx_word' id='word_1_161' title='bbox 604 1972 678 2031; x_wconf 80' lang='lat' dir='ltr'>gara</span> <span class='ocrx_word' id='word_1_162' title='bbox 693 1952 821 2033; x_wconf 83' lang='lat' dir='ltr'>regiain</span> <span class='ocrx_word' id='word_1_163' title='bbox 837 1962 1021 2034; x_wconf 88' lang='lat' dir='ltr'>potestatem</span> <span class='ocrx_word' id='word_1_164' title='bbox 1036 1950 1121 2013; x_wconf 86' lang='lat' dir='ltr'>venit</span> <span class='ocrx_word' id='word_1_165' title='bbox 1127 1974 1137 2029; x_wconf 83' lang='lat'>3</span> <span class='ocrx_word' id='word_1_166' title='bbox 1154 1972 1209 2012; x_wconf 86' lang='lat' dir='ltr'>rex</span> 
     </span>
     <span class='ocr_line' id='line_1_19' title="bbox 163 2034 1209 2121; baseline 0.002 -25"><span class='ocrx_word' id='word_1_167' title='bbox 163 2037 175 2069; x_wconf 91' lang='lat'>‘</span> <span class='ocrx_word' id='word_1_168' title='bbox 190 2036 264 2119; x_wconf 81' lang='lat' dir='ltr'>ipse,</span> <span class='ocrx_word' id='word_1_169' title='bbox 292 2037 479 2099; x_wconf 81' lang='lat' dir='ltr'>tradentibus</span> <span class='ocrx_word' id='word_1_170' title='bbox 500 2060 592 2121; x_wconf 87' lang='lat' dir='ltr'>prope</span> <span class='ocrx_word' id='word_1_171' title='bbox 608 2038 681 2119; x_wconf 87' lang='lat' dir='ltr'>ipsis</span> <span class='ocrx_word' id='word_1_172' title='bbox 695 2036 773 2117; x_wconf 88' lang='lat' dir='ltr'>Diis,</span> <span class='ocrx_word' id='word_1_173' title='bbox 795 2038 827 2098; x_wconf 92' lang='lat' dir='ltr'>in</span> <span class='ocrx_word' id='word_1_174' title='bbox 843 2036 958 2120; x_wconf 86' lang='lat' dir='ltr'>templo</span> <span class='ocrx_word' id='word_1_175' title='bbox 973 2034 1209 2098; x_wconf 87' lang='lat' dir='ltr'>Samothracum</span> 
     </span>
     <span class='ocr_line' id='line_1_20' title="bbox 161 2120 1210 2270; baseline 0 -85"><span class='ocrx_word' id='word_1_176' title='bbox 161 2123 172 2155; x_wconf 91' lang='lat'>‘</span> <span class='ocrx_word' id='word_1_177' title='bbox 188 2143 257 2185; x_wconf 90' lang='lat' dir='ltr'>cum</span> <span class='ocrx_word' id='word_1_178' title='bbox 270 2123 373 2185; x_wconf 87' lang='lat' dir='ltr'>liberis</span> <span class='ocrx_word' id='word_1_179' title='bbox 385 2135 431 2185; x_wconf 87' lang='lat' dir='ltr'>est</span> <span class='ocrx_word' id='word_1_180' title='bbox 443 2136 560 2206; x_wconf 86' lang='lat' dir='ltr'>captus.</span> <span class='ocrx_word' id='word_1_181' title='bbox 605 2122 686 2186; x_wconf 86' lang='lat' dir='ltr'>Mihi</span> <span class='ocrx_word' id='word_1_182' title='bbox 698 2146 817 2270; x_wconf 75' lang='lat' dir='ltr'>quotpue</span> <span class='ocrx_word' id='word_1_183' title='bbox 829 2124 886 2205; x_wconf 90' lang='lat' dir='ltr'>ipsi</span> <span class='ocrx_word' id='word_1_184' title='bbox 902 2124 997 2184; x_wconf 89' lang='lat' dir='ltr'>nimia</span> <span class='ocrx_word' id='word_1_185' title='bbox 1007 2120 1074 2205; x_wconf 80' lang='lat' dir='ltr'>jam</span> <span class='ocrx_word' id='word_1_186' title='bbox 1088 2122 1210 2185; x_wconf 78' lang='lat' dir='ltr'>fortuna</span> 
     </span>
     <span class='ocr_line' id='line_1_21' title="bbox 161 2206 1210 2293; baseline -0.003 -22"><span class='ocrx_word' id='word_1_187' title='bbox 161 2210 172 2243; x_wconf 89' lang='lat'>‘</span> <span class='ocrx_word' id='word_1_188' title='bbox 187 2232 256 2272; x_wconf 88' lang='lat' dir='ltr'>mea</span> <span class='ocrx_word' id='word_1_189' title='bbox 267 2210 372 2289; x_wconf 76' lang='lat' dir='ltr'>rideri,</span> <span class='ocrx_word' id='word_1_190' title='bbox 384 2232 478 2292; x_wconf 87' lang='lat' dir='ltr'>eoque</span> <span class='ocrx_word' id='word_1_191' title='bbox 489 2223 630 2293; x_wconf 85' lang='lat' dir='ltr'>suspecta</span> <span class='ocrx_word' id='word_1_192' title='bbox 639 2232 715 2272; x_wconf 87' lang='lat' dir='ltr'>esse.</span> <span class='ocrx_word' id='word_1_193' title='bbox 747 2208 769 2271; x_wconf 86' lang='lat' dir='ltr'>b</span> <span class='ocrx_word' id='word_1_194' title='bbox 785 2210 845 2272; x_wconf 87' lang='lat' dir='ltr'>aris</span> <span class='ocrx_word' id='word_1_195' title='bbox 858 2206 991 2292; x_wconf 79' lang='lat' dir='ltr'>periculo</span> <span class='ocrx_word' id='word_1_196' title='bbox 1002 2209 1110 2270; x_wconf 89' lang='lat' dir='ltr'>timere</span> <span class='ocrx_word' id='word_1_197' title='bbox 1119 2208 1210 2291; x_wconf 88' lang='lat' dir='ltr'>coepi,</span> 
     </span>
     <span class='ocr_line' id='line_1_22' title="bbox 161 2294 1209 2379; baseline -0.002 -21"><span class='ocrx_word' id='word_1_198' title='bbox 161 2298 171 2329; x_wconf 93' lang='lat'>‘</span> <span class='ocrx_word' id='word_1_199' title='bbox 187 2298 217 2358; x_wconf 92' lang='lat' dir='ltr'>in</span> <span class='ocrx_word' id='word_1_200' title='bbox 233 2308 322 2359; x_wconf 89' lang='lat' dir='ltr'>tanta</span> <span class='ocrx_word' id='word_1_201' title='bbox 336 2298 465 2379; x_wconf 90' lang='lat' dir='ltr'>pecunia</span> <span class='ocrx_word' id='word_1_202' title='bbox 481 2298 610 2379; x_wconf 81' lang='lat' dir='ltr'>regiain</span> <span class='ocrx_word' id='word_1_203' title='bbox 626 2296 746 2359; x_wconf 86' lang='lat' dir='ltr'>ltaliam</span> <span class='ocrx_word' id='word_1_204' title='bbox 765 2294 957 2377; x_wconf 87' lang='lat' dir='ltr'>trajicienda,</span> <span class='ocrx_word' id='word_1_205' title='bbox 979 2308 1012 2357; x_wconf 88' lang='lat' dir='ltr'>et</span> <span class='ocrx_word' id='word_1_206' title='bbox 1025 2296 1139 2357; x_wconf 81' lang='lat' dir='ltr'>victore</span> <span class='ocrx_word' id='word_1_207' title='bbox 1154 2316 1209 2356; x_wconf 83' lang='lat' dir='ltr'>ex·</span> 
     </span>
     <span class='ocr_line' id='line_1_23' title="bbox 161 2382 1210 2466; baseline -0.004 -21"><span class='ocrx_word' id='word_1_208' title='bbox 161 2383 172 2416; x_wconf 93' lang='lat'>‘</span> <span class='ocrx_word' id='word_1_209' title='bbox 187 2384 284 2446; x_wconf 89' lang='lat' dir='ltr'>ercitu</span> <span class='ocrx_word' id='word_1_210' title='bbox 296 2384 540 2466; x_wconf 83' lang='lat' dir='ltr'>transportando.</span> <span class='ocrx_word' id='word_1_211' title='bbox 563 2382 727 2465; x_wconf 85' lang='lat' dir='ltr'>Postquam</span> <span class='ocrx_word' id='word_1_212' title='bbox 734 2382 838 2446; x_wconf 89' lang='lat' dir='ltr'>omnia</span> <span class='ocrx_word' id='word_1_213' title='bbox 847 2382 982 2443; x_wconf 88' lang='lat' dir='ltr'>secundo</span> <span class='ocrx_word' id='word_1_214' title='bbox 991 2382 1111 2444; x_wconf 71' lang='lat' dir='ltr'>suavium</span> <span class='ocrx_word' id='word_1_215' title='bbox 1121 2401 1210 2443; x_wconf 89' lang='lat' dir='ltr'>cursu</span> 
     </span>
     <span class='ocr_line' id='line_1_24' title="bbox 158 2467 1210 2551; baseline -0.002 -21"><span class='ocrx_word' id='word_1_216' title='bbox 158 2471 171 2503; x_wconf 90' lang='lat'>‘</span> <span class='ocrx_word' id='word_1_217' title='bbox 187 2470 218 2531; x_wconf 89' lang='lat' dir='ltr'>in</span> <span class='ocrx_word' id='word_1_218' title='bbox 231 2469 353 2531; x_wconf 87' lang='lat' dir='ltr'>ltaliam</span> <span class='ocrx_word' id='word_1_219' title='bbox 368 2482 578 2551; x_wconf 83' lang='lat' dir='ltr'>pervenerunt,</span> <span class='ocrx_word' id='word_1_220' title='bbox 602 2491 701 2551; x_wconf 89' lang='lat' dir='ltr'>neque</span> <span class='ocrx_word' id='word_1_221' title='bbox 716 2480 791 2547; x_wconf 88' lang='lat' dir='ltr'>erat,</span> <span class='ocrx_word' id='word_1_222' title='bbox 815 2469 897 2551; x_wconf 89' lang='lat' dir='ltr'>quod</span> <span class='ocrx_word' id='word_1_223' title='bbox 914 2468 992 2530; x_wconf 89' lang='lat' dir='ltr'>ultra</span> <span class='ocrx_word' id='word_1_224' title='bbox 1006 2488 1156 2551; x_wconf 83' lang='lat' dir='ltr'>precarer,</span> <span class='ocrx_word' id='word_1_225' title='bbox 1172 2467 1210 2528; x_wconf 93' lang='lat' dir='ltr'>il·</span> 
     </span>
     <span class='ocr_line' id='line_1_25' title="bbox 157 2554 1208 2640; baseline -0.002 -22"><span class='ocrx_word' id='word_1_226' title='bbox 157 2558 169 2589; x_wconf 88' lang='lat'>‘</span> <span class='ocrx_word' id='word_1_227' title='bbox 184 2556 236 2619; x_wconf 93' lang='lat' dir='ltr'>lud</span> <span class='ocrx_word' id='word_1_228' title='bbox 248 2556 362 2640; x_wconf 80' lang='lat' dir='ltr'>optavi,</span> <span class='ocrx_word' id='word_1_229' title='bbox 372 2568 417 2635; x_wconf 92' lang='lat' dir='ltr'>ut,</span> <span class='ocrx_word' id='word_1_230' title='bbox 428 2578 518 2640; x_wconf 81' lang='lat' dir='ltr'>quma</span> <span class='ocrx_word' id='word_1_231' title='bbox 530 2578 568 2619; x_wconf 89' lang='lat' dir='ltr'>ex</span> <span class='ocrx_word' id='word_1_232' title='bbox 581 2578 699 2620; x_wconf 89' lang='lat' dir='ltr'>summo</span> <span class='ocrx_word' id='word_1_233' title='bbox 712 2568 792 2620; x_wconf 85' lang='lat' dir='ltr'>retro</span> <span class='ocrx_word' id='word_1_234' title='bbox 799 2554 878 2618; x_wconf 87' lang='lat' dir='ltr'>volvi</span> <span class='ocrx_word' id='word_1_235' title='bbox 888 2554 1009 2618; x_wconf 82' lang='lat' dir='ltr'>fortuna</span> <span class='ocrx_word' id='word_1_236' title='bbox 1021 2565 1208 2632; x_wconf 86' lang='lat' dir='ltr'>consuesset,</span> 
     </span>
     <span class='ocr_line' id='line_1_26' title="bbox 157 2637 1208 2727; baseline -0.001 -22"><span class='ocrx_word' id='word_1_237' title='bbox 157 2644 169 2677; x_wconf 93' lang='lat'>‘</span> <span class='ocrx_word' id='word_1_238' title='bbox 184 2645 388 2706; x_wconf 85' lang='lat' dir='ltr'>mutationem</span> <span class='ocrx_word' id='word_1_239' title='bbox 398 2643 462 2726; x_wconf 88' lang='lat' dir='ltr'>ejus</span> <span class='ocrx_word' id='word_1_240' title='bbox 472 2643 579 2706; x_wconf 86' lang='lat' dir='ltr'>domus</span> <span class='ocrx_word' id='word_1_241' title='bbox 591 2665 658 2706; x_wconf 86' lang='lat' dir='ltr'>mea</span> <span class='ocrx_word' id='word_1_242' title='bbox 666 2637 875 2727; x_wconf 80' lang='lat' dir='ltr'>potius,quam</span> <span class='ocrx_word' id='word_1_243' title='bbox 888 2641 1208 2725; x_wconf 63' lang='lat' dir='ltr'>respublicascntiret.</span> 
     </span>
     <span class='ocr_line' id='line_1_27' title="bbox 156 2728 1207 2813; baseline -0.001 -23"><span class='ocrx_word' id='word_1_244' title='bbox 156 2730 168 2762; x_wconf 90' lang='lat'>‘</span> <span class='ocrx_word' id='word_1_245' title='bbox 184 2729 294 2810; x_wconf 84' lang='lat' dir='ltr'>ltaque</span> <span class='ocrx_word' id='word_1_246' title='bbox 310 2729 508 2792; x_wconf 72' lang='lat' dir='ltr'>⁰defunctam</span> <span class='ocrx_word' id='word_1_247' title='bbox 524 2751 589 2791; x_wconf 83' lang='lat' dir='ltr'>esse</span> <span class='ocrx_word' id='word_1_248' title='bbox 603 2731 756 2792; x_wconf 85' lang='lat' dir='ltr'>fortunam</span> <span class='ocrx_word' id='word_1_249' title='bbox 769 2729 923 2813; x_wconf 88' lang='lat' dir='ltr'>publicam</span> <span class='ocrx_word' id='word_1_250' title='bbox 935 2750 1004 2790; x_wconf 85' lang='lat' dir='ltr'>mea</span> <span class='ocrx_word' id='word_1_251' title='bbox 1018 2741 1083 2791; x_wconf 87' lang='lat' dir='ltr'>tam</span> <span class='ocrx_word' id='word_1_252' title='bbox 1095 2728 1207 2810; x_wconf 83' lang='lat' dir='ltr'>insigni</span> 
     </span>
     <span class='ocr_line' id='line_1_28' title="bbox 157 2814 1207 2897; baseline -0.001 -20"><span class='ocrx_word' id='word_1_253' title='bbox 157 2817 167 2848; x_wconf 93' lang='lat'>‘</span> <span class='ocrx_word' id='word_1_254' title='bbox 184 2815 361 2877; x_wconf 82' lang='lat' dir='ltr'>calamitate</span> <span class='ocrx_word' id='word_1_255' title='bbox 373 2836 477 2897; x_wconf 70' lang='lat' dir='ltr'>spero,</span> <span class='ocrx_word' id='word_1_256' title='bbox 501 2815 583 2896; x_wconf 91' lang='lat' dir='ltr'>quod</span> <span class='ocrx_word' id='word_1_257' title='bbox 598 2814 765 2897; x_wconf 84' lang='lat' dir='ltr'>triumphus</span> <span class='ocrx_word' id='word_1_258' title='bbox 782 2835 878 2891; x_wconf 89' lang='lat' dir='ltr'>meus,</span> <span class='ocrx_word' id='word_1_259' title='bbox 899 2815 1031 2877; x_wconf 84' lang='lat' dir='ltr'>velutad</span> <span class='ocrx_word' id='word_1_260' title='bbox 1044 2815 1207 2877; x_wconf 85' lang='lat' dir='ltr'>ludibrium</span> 
     </span>
     <span class='ocr_line' id='line_1_29' title="bbox 157 2899 1208 2978; baseline 0 -15"><span class='ocrx_word' id='word_1_261' title='bbox 157 2903 168 2934; x_wconf 93' lang='lat'>‘</span> <span class='ocrx_word' id='word_1_262' title='bbox 185 2921 310 2964; x_wconf 88' lang='lat' dir='ltr'>casuum</span> <span class='ocrx_word' id='word_1_263' title='bbox 322 2901 535 2978; x_wconf 82' lang='lat' dir='ltr'>humanorum,</span> <span class='ocrx_word' id='word_1_264' title='bbox 546 2901 661 2962; x_wconf 86' lang='lat' dir='ltr'>duobus</span> <span class='ocrx_word' id='word_1_265' title='bbox 673 2901 827 2962; x_wconf 80' lang='lat' dir='ltr'>funeribus</span> <span class='ocrx_word' id='word_1_266' title='bbox 836 2899 998 2962; x_wconf 88' lang='lat' dir='ltr'>liberorum</span> <span class='ocrx_word' id='word_1_267' title='bbox 1010 2923 1148 2963; x_wconf 90' lang='lat' dir='ltr'>meorum</span> <span class='ocrx_word' id='word_1_268' title='bbox 1159 2913 1208 2963; x_wconf 89' lang='lat' dir='ltr'>est</span> 
     </span>
     <span class='ocr_line' id='line_1_30' title="bbox 156 2985 1208 3070; baseline 0 -22"><span class='ocrx_word' id='word_1_269' title='bbox 156 2988 169 3020; x_wconf 86' lang='lat'>‘</span> <span class='ocrx_word' id='word_1_270' title='bbox 186 2987 392 3070; x_wconf 79' lang='lat' dir='ltr'>interpositus.</span> <span class='ocrx_word' id='word_1_271' title='bbox 435 2985 487 3066; x_wconf 86' lang='lat' dir='ltr'>Et,</span> <span class='ocrx_word' id='word_1_272' title='bbox 503 3007 594 3067; x_wconf 91' lang='lat' dir='ltr'>quum</span> <span class='ocrx_word' id='word_1_273' title='bbox 607 3007 665 3068; x_wconf 83' lang='lat' dir='ltr'>ego</span> <span class='ocrx_word' id='word_1_274' title='bbox 676 2999 707 3048; x_wconf 91' lang='lat' dir='ltr'>et</span> <span class='ocrx_word' id='word_1_275' title='bbox 719 2985 842 3048; x_wconf 86' lang='lat' dir='ltr'>Perseus</span> <span class='ocrx_word' id='word_1_276' title='bbox 854 3006 936 3047; x_wconf 88' lang='lat' dir='ltr'>nunc</span> <span class='ocrx_word' id='word_1_277' title='bbox 948 2987 1063 3049; x_wconf 88' lang='lat' dir='ltr'>nobilia</span> <span class='ocrx_word' id='word_1_278' title='bbox 1075 2988 1208 3049; x_wconf 72' lang='lat' dir='ltr'>maxime</span> 
     </span>
     <span class='ocr_line' id='line_1_31' title="bbox 158 3063 1208 3155; baseline -0.003 -19"><span class='ocrx_word' id='word_1_279' title='bbox 158 3075 169 3108; x_wconf 92' lang='lat'>‘</span> <span class='ocrx_word' id='word_1_280' title='bbox 187 3075 275 3136; x_wconf 86' lang='lat' dir='ltr'>sortis</span> <span class='ocrx_word' id='word_1_281' title='bbox 286 3075 462 3136; x_wconf 86' lang='lat' dir='ltr'>mortalium</span> <span class='ocrx_word' id='word_1_282' title='bbox 471 3073 612 3155; x_wconf 85' lang='lat' dir='ltr'>exempla</span> <span class='ocrx_word' id='word_1_283' title='bbox 623 3085 803 3154; x_wconf 87' lang='lat' dir='ltr'>spectemur,</span> <span class='ocrx_word' id='word_1_284' title='bbox 813 3071 874 3149; x_wconf 90' lang='lat' dir='ltr'>illc,</span> <span class='ocrx_word' id='word_1_285' title='bbox 886 3063 1014 3154; x_wconf 79' lang='lat' dir='ltr'>q&#39;uiame</span> <span class='ocrx_word' id='word_1_286' title='bbox 1026 3095 1058 3134; x_wconf 90' lang='lat' dir='ltr'>se</span> <span class='ocrx_word' id='word_1_287' title='bbox 1070 3073 1208 3155; x_wconf 85' lang='lat' dir='ltr'>captivos</span> 
     </span>
     <span class='ocr_line' id='line_1_32' title="bbox 158 3159 1205 3243; baseline -0.003 -21"><span class='ocrx_word' id='word_1_288' title='bbox 158 3161 171 3194; x_wconf 91' lang='lat'>‘</span> <span class='ocrx_word' id='word_1_289' title='bbox 187 3160 322 3243; x_wconf 84' lang='lat' dir='ltr'>captivus</span> <span class='ocrx_word' id='word_1_290' title='bbox 338 3161 402 3242; x_wconf 88' lang='lat' dir='ltr'>ipse</span> <span class='ocrx_word' id='word_1_291' title='bbox 419 3161 487 3222; x_wconf 89' lang='lat' dir='ltr'>duci</span> <span class='ocrx_word' id='word_1_292' title='bbox 504 3159 612 3221; x_wconf 89' lang='lat' dir='ltr'>liberos</span> <span class='ocrx_word' id='word_1_293' title='bbox 626 3160 713 3237; x_wconf 89' lang='lat' dir='ltr'>vidit,</span> <span class='ocrx_word' id='word_1_294' title='bbox 729 3159 895 3222; x_wconf 88' lang='lat' dir='ltr'>incolumes</span> <span class='ocrx_word' id='word_1_295' title='bbox 907 3169 1012 3220; x_wconf 84' lang='lat' dir='ltr'>tamen</span> <span class='ocrx_word' id='word_1_296' title='bbox 1027 3181 1080 3220; x_wconf 90' lang='lat' dir='ltr'>eos</span> <span class='ocrx_word' id='word_1_297' title='bbox 1095 3159 1205 3219; x_wconf 85' lang='lat' dir='ltr'>habet=</span> 
     </span>
     <span class='ocr_line' id='line_1_33' title="bbox 155 3244 1209 3330; baseline -0.001 -21"><span class='ocrx_word' id='word_1_298' title='bbox 155 3246 252 3330; x_wconf 84' lang='lat' dir='ltr'>‘ego,</span> <span class='ocrx_word' id='word_1_299' title='bbox 277 3246 328 3328; x_wconf 92' lang='lat' dir='ltr'>qui</span> <span class='ocrx_word' id='word_1_300' title='bbox 345 3247 384 3308; x_wconf 90' lang='lat' dir='ltr'>de</span> <span class='ocrx_word' id='word_1_301' title='bbox 400 3246 453 3309; x_wconf 91' lang='lat' dir='ltr'>illo</span> <span class='ocrx_word' id='word_1_302' title='bbox 475 3247 668 3330; x_wconf 87' lang='lat' dir='ltr'>triumphavi,</span> <span class='ocrx_word' id='word_1_303' title='bbox 692 3248 730 3308; x_wconf 91' lang='lat' dir='ltr'>ab</span> <span class='ocrx_word' id='word_1_304' title='bbox 753 3245 875 3308; x_wconf 88' lang='lat' dir='ltr'>alterius</span> <span class='ocrx_word' id='word_1_305' title='bbox 901 3244 1007 3307; x_wconf 81' lang='lat' dir='ltr'>funere</span> <span class='ocrx_word' id='word_1_306' title='bbox 1027 3245 1081 3306; x_wconf 86' lang='lat' dir='ltr'>lilii</span> <span class='ocrx_word' id='word_1_307' title='bbox 1096 3247 1209 3308; x_wconf 77' lang='lat' dir='ltr'>‘curm</span> 
     </span>
    </p>
   </div>
   <div class='ocr_carea' id='block_1_3' title="bbox 152 3443 1212 4622">
    <p class='ocr_par' dir='ltr' id='par_1_3' title="bbox 152 3443 1211 3899">
     <span class='ocr_line' id='line_1_34' title="bbox 193 3443 1211 3511; baseline -0.004 -15"><span class='ocrx_word' id='word_1_308' title='bbox 193 3445 299 3496; x_wconf 65' lang='lat' dir='ltr'>llorere</span> <span class='ocrx_word' id='word_1_309' title='bbox 315 3445 448 3511; x_wconf 63' lang='lat' dir='ltr'>melfium]</span> <span class='ocrx_word' id='word_1_310' title='bbox 473 3447 575 3496; x_wconf 78' lang='lat' dir='ltr'>Annotst</span> <span class='ocrx_word' id='word_1_311' title='bbox 598 3447 661 3508; x_wconf 73' lang='lat' dir='ltr'>sigo·</span> <span class='ocrx_word' id='word_1_312' title='bbox 694 3445 752 3511; x_wconf 87' lang='lat' dir='ltr'>quod</span> <span class='ocrx_word' id='word_1_313' title='bbox 771 3447 878 3504; x_wconf 78' lang='lat' dir='ltr'>maxime,</span> <span class='ocrx_word' id='word_1_314' title='bbox 893 3460 922 3493; x_wconf 79' lang='lat' dir='ltr'>ex</span> <span class='ocrx_word' id='word_1_315' title='bbox 936 3443 1118 3508; x_wconf 72' lang='lat' dir='ltr'>precedentibus</span> <span class='ocrx_word' id='word_1_316' title='bbox 1137 3443 1211 3501; x_wconf 78' lang='lat' dir='ltr'>libris.</span> 
     </span>
     <span class='ocr_line' id='line_1_35' title="bbox 152 3507 1206 3578; baseline -0.004 -17"><span class='ocrx_word' id='word_1_317' title='bbox 152 3511 330 3578; x_wconf 80' lang='lat' dir='ltr'>niusnusquam</span> <span class='ocrx_word' id='word_1_318' title='bbox 348 3515 394 3574; x_wconf 77' lang='lat' dir='ltr'>legi</span> <span class='ocrx_word' id='word_1_319' title='bbox 410 3514 467 3576; x_wconf 76' lang='lat' dir='ltr'>apud</span> <span class='ocrx_word' id='word_1_320' title='bbox 486 3513 604 3576; x_wconf 79' lang='lat' dir='ltr'>scriptores</span> <span class='ocrx_word' id='word_1_321' title='bbox 621 3527 662 3561; x_wconf 80' lang='lat' dir='ltr'>an·</span> <span class='ocrx_word' id='word_1_322' title='bbox 694 3527 743 3562; x_wconf 89' lang='lat' dir='ltr'>tres</span> <span class='ocrx_word' id='word_1_323' title='bbox 768 3522 859 3560; x_wconf 83' lang='lat' dir='ltr'>tantum</span> <span class='ocrx_word' id='word_1_324' title='bbox 882 3510 989 3558; x_wconf 86' lang='lat' dir='ltr'>consules</span> <span class='ocrx_word' id='word_1_325' title='bbox 1008 3523 1062 3558; x_wconf 82' lang='lat' dir='ltr'>ante</span> <span class='ocrx_word' id='word_1_326' title='bbox 1086 3507 1206 3557; x_wconf 80' lang='lat' dir='ltr'>AEroilium</span> 
     </span>
     <span class='ocr_line' id='line_1_36' title="bbox 153 3575 1208 3641; baseline -0.005 -14"><span class='ocrx_word' id='word_1_327' title='bbox 153 3580 231 3641; x_wconf 84' lang='lat' dir='ltr'>siquos</span> <span class='ocrx_word' id='word_1_328' title='bbox 241 3581 313 3627; x_wconf 80' lang='lat' dir='ltr'>lustro</span> <span class='ocrx_word' id='word_1_329' title='bbox 329 3577 459 3640; x_wconf 74' lang='lat' dir='ltr'>sacrificare.</span> <span class='ocrx_word' id='word_1_330' title='bbox 492 3578 606 3626; x_wconf 70' lang='lat' dir='ltr'>Praeterea</span> <span class='ocrx_word' id='word_1_331' title='bbox 617 3592 664 3625; x_wconf 88' lang='lat' dir='ltr'>non</span> <span class='ocrx_word' id='word_1_332' title='bbox 697 3576 802 3625; x_wconf 78' lang='lat' dir='ltr'>Paullum</span> <span class='ocrx_word' id='word_1_333' title='bbox 830 3591 870 3640; x_wconf 84' lang='lat' dir='ltr'>per</span> <span class='ocrx_word' id='word_1_334' title='bbox 891 3575 1016 3623; x_wconf 86' lang='lat' dir='ltr'>triennium</span> <span class='ocrx_word' id='word_1_335' title='bbox 1044 3579 1091 3624; x_wconf 86' lang='lat' dir='ltr'>hoe</span> <span class='ocrx_word' id='word_1_336' title='bbox 1121 3575 1208 3623; x_wconf 85' lang='lat' dir='ltr'>bellum</span> 
     </span>
     <span class='ocr_line' id='line_1_37' title="bbox 153 3639 1209 3708; baseline -0.004 -17"><span class='ocrx_word' id='word_1_337' title='bbox 153 3647 256 3708; x_wconf 79' lang='lat' dir='ltr'>potuisse</span> <span class='ocrx_word' id='word_1_338' title='bbox 290 3643 411 3692; x_wconf 82' lang='lat' dir='ltr'>AEmilium</span> <span class='ocrx_word' id='word_1_339' title='bbox 443 3643 538 3692; x_wconf 76' lang='lat' dir='ltr'>lustrare</span> <span class='ocrx_word' id='word_1_340' title='bbox 565 3643 666 3707; x_wconf 81' lang='lat' dir='ltr'>Delphis</span> <span class='ocrx_word' id='word_1_341' title='bbox 697 3643 873 3697; x_wconf 70' lang='lat' dir='ltr'>administrasse.</span> <span class='ocrx_word' id='word_1_342' title='bbox 911 3656 995 3704; x_wconf 80' lang='lat' dir='ltr'>nempe</span> <span class='ocrx_word' id='word_1_343' title='bbox 1037 3641 1066 3690; x_wconf 86' lang='lat' dir='ltr'>P.</span> <span class='ocrx_word' id='word_1_344' title='bbox 1094 3639 1209 3688; x_wconf 82' lang='lat' dir='ltr'>Licinium</span> 
     </span>
     <span class='ocr_line' id='line_1_38' title="bbox 152 3706 1210 3772; baseline -0.003 -13"><span class='ocrx_word' id='word_1_345' title='bbox 152 3711 294 3768; x_wconf 75' lang='lat' dir='ltr'>exercitum,</span> <span class='ocrx_word' id='word_1_346' title='bbox 317 3724 385 3772; x_wconf 87' lang='lat' dir='ltr'>quem</span> <span class='ocrx_word' id='word_1_347' title='bbox 413 3711 514 3757; x_wconf 85' lang='lat' dir='ltr'>nondum</span> <span class='ocrx_word' id='word_1_348' title='bbox 538 3720 665 3772; x_wconf 76' lang='lat' dir='ltr'>acceperat.</span> <span class='ocrx_word' id='word_1_349' title='bbox 698 3709 814 3763; x_wconf 82' lang='lat' dir='ltr'>Crassum,</span> <span class='ocrx_word' id='word_1_350' title='bbox 844 3708 874 3754; x_wconf 75' lang='lat' dir='ltr'>A.</span> <span class='ocrx_word' id='word_1_351' title='bbox 905 3706 1031 3754; x_wconf 87' lang='lat' dir='ltr'>Hostilium</span> <span class='ocrx_word' id='word_1_352' title='bbox 1062 3707 1210 3768; x_wconf 81' lang='lat' dir='ltr'>Mancinum,</span> 
     </span>
     <span class='ocr_line' id='line_1_39' title="bbox 154 3769 1210 3840; baseline -0.001 -18"><span class='ocrx_word' id='word_1_353' title='bbox 154 3775 236 3838; x_wconf 73' lang='lat' dir='ltr'>ltaque</span> <span class='ocrx_word' id='word_1_354' title='bbox 252 3775 326 3840; x_wconf 80' lang='lat' dir='ltr'>legit:</span> <span class='ocrx_word' id='word_1_355' title='bbox 348 3789 389 3835; x_wconf 85' lang='lat' dir='ltr'>pro</span> <span class='ocrx_word' id='word_1_356' title='bbox 404 3789 448 3830; x_wconf 82' lang='lat' dir='ltr'>sne,</span> <span class='ocrx_word' id='word_1_357' title='bbox 462 3774 629 3836; x_wconf 78' lang='lat' dir='ltr'>cro-ritibusque</span> <span class='ocrx_word' id='word_1_358' title='bbox 645 3781 666 3820; x_wconf 81' lang='lat' dir='ltr'>st</span> <span class='ocrx_word' id='word_1_359' title='bbox 698 3769 731 3826; x_wconf 83' lang='lat' dir='ltr'>Q.</span> <span class='ocrx_word' id='word_1_360' title='bbox 747 3774 863 3822; x_wconf 82' lang='lat' dir='ltr'>Marcium</span> <span class='ocrx_word' id='word_1_361' title='bbox 882 3772 1020 3836; x_wconf 77' lang='lat' dir='ltr'>Philippum.</span> <span class='ocrx_word' id='word_1_362' title='bbox 1053 3771 1155 3838; x_wconf 65' lang='lat' dir='ltr'>Credcrp</span> <span class='ocrx_word' id='word_1_363' title='bbox 1171 3775 1210 3822; x_wconf 78' lang='lat' dir='ltr'>ris</span> 
     </span>
     <span class='ocr_line' id='line_1_40' title="bbox 156 3838 1210 3899; baseline 0 -11"><span class='ocrx_word' id='word_1_364' title='bbox 156 3841 342 3889; x_wconf 64' lang='lat' dir='ltr'>ctutasvmru</span> <span class='ocrx_word' id='word_1_365' title='bbox 350 3838 479 3899; x_wconf 73' lang='lat' dir='ltr'>sacrificavi.</span> <span class='ocrx_word' id='word_1_366' title='bbox 701 3839 812 3887; x_wconf 86' lang='lat' dir='ltr'>sudemus</span> <span class='ocrx_word' id='word_1_367' title='bbox 832 3839 893 3887; x_wconf 89' lang='lat' dir='ltr'>hunc</span> <span class='ocrx_word' id='word_1_368' title='bbox 915 3853 1016 3885; x_wconf 83' lang='lat' dir='ltr'>errorem</span> <span class='ocrx_word' id='word_1_369' title='bbox 1038 3852 1113 3885; x_wconf 82' lang='lat' dir='ltr'>esses</span> <span class='ocrx_word' id='word_1_370' title='bbox 1136 3839 1210 3888; x_wconf 79' lang='lat' dir='ltr'>Livio.</span> 
     </span>
    </p>

    <p class='ocr_par' dir='ltr' id='par_1_4' title="bbox 153 3901 1211 4294">
     <span class='ocr_line' id='line_1_41' title="bbox 193 3901 1211 3968; baseline 0 -15"><span class='ocrx_word' id='word_1_371' title='bbox 193 3903 304 3953; x_wconf 67' lang='lat' dir='ltr'>‘utum</span> <span class='ocrx_word' id='word_1_372' title='bbox 324 3906 355 3952; x_wconf 79' lang='lat' dir='ltr'>od</span> <span class='ocrx_word' id='word_1_373' title='bbox 377 3901 479 3968; x_wconf 81' lang='lat' dir='ltr'>Petrum]</span> <span class='ocrx_word' id='word_1_374' title='bbox 510 3905 583 3952; x_wconf 77' lang='lat' dir='ltr'>Locus</span> <span class='ocrx_word' id='word_1_375' title='bbox 602 3919 668 3952; x_wconf 77' lang='lat' dir='ltr'>soca·</span> <span class='ocrx_word' id='word_1_376' title='bbox 701 3903 834 3955; x_wconf 83' lang='lat' dir='ltr'>locusemus</span> <span class='ocrx_word' id='word_1_377' title='bbox 855 3905 925 3967; x_wconf 72' lang='lat' dir='ltr'>igitur</span> <span class='ocrx_word' id='word_1_378' title='bbox 951 3903 1087 3966; x_wconf 82' lang='lat' dir='ltr'>corruptoris</span> <span class='ocrx_word' id='word_1_379' title='bbox 1107 3904 1211 3968; x_wconf 80' lang='lat' dir='ltr'>persics·</span> 
     </span>
     <span class='ocr_line' id='line_1_42' title="bbox 159 3968 767 4032; baseline 0 -16"><span class='ocrx_word' id='word_1_380' title='bbox 159 3980 203 4016; x_wconf 80' lang='lat' dir='ltr'>sur</span> <span class='ocrx_word' id='word_1_381' title='bbox 224 3969 338 4032; x_wconf 66' lang='lat' dir='ltr'>Pythion,</span> <span class='ocrx_word' id='word_1_382' title='bbox 360 3985 428 4032; x_wconf 79' lang='lat' dir='ltr'>supra</span> <span class='ocrx_word' id='word_1_383' title='bbox 449 3968 466 4015; x_wconf 90' lang='lat' dir='ltr'>l.</span> <span class='ocrx_word' id='word_1_384' title='bbox 489 3983 561 4018; x_wconf 69' lang='grc' dir='ltr'>κων.</span> <span class='ocrx_word' id='word_1_385' title='bbox 584 3986 605 4016; x_wconf 90' lang='lat' dir='ltr'>c.</span> <span class='ocrx_word' id='word_1_386' title='bbox 627 3971 668 4018; x_wconf 76' lang='lat'>³5.</span> <span class='ocrx_word' id='word_1_387' title='bbox 701 3969 767 4018; x_wconf 78' lang='lat' dir='ltr'>ciam.</span> 
     </span>
     <span class='ocr_line' id='line_1_43' title="bbox 157 4031 1209 4096; baseline -0.002 -14"><span class='ocrx_word' id='word_1_388' title='bbox 157 4033 215 4082; x_wconf 75' lang='lat' dir='ltr'>Plu</span> <span class='ocrx_word' id='word_1_389' title='bbox 240 4035 264 4082; x_wconf 88' lang='lat' dir='ltr'>in</span> <span class='ocrx_word' id='word_1_390' title='bbox 278 4033 383 4092; x_wconf 80' lang='lat' dir='ltr'>AEmslio,</span> <span class='ocrx_word' id='word_1_391' title='bbox 400 4034 437 4080; x_wconf 88' lang='lat' dir='ltr'>ubi</span> <span class='ocrx_word' id='word_1_392' title='bbox 454 4033 536 4081; x_wconf 78' lang='lat' dir='ltr'>saltum</span> <span class='ocrx_word' id='word_1_393' title='bbox 553 4032 614 4082; x_wconf 89' lang='lat' dir='ltr'>hunc</span> <span class='ocrx_word' id='word_1_394' title='bbox 629 4048 668 4080; x_wconf 83' lang='lat' dir='ltr'>su·</span> <span class='ocrx_word' id='word_1_395' title='bbox 733 4033 777 4067; x_wconf 70' lang='grc' dir='ltr'>Η</span> <span class='ocrx_word' id='word_1_396' title='bbox 791 4031 927 4094; x_wconf 72' lang='lat' dir='ltr'>Defunctum</span> <span class='ocrx_word' id='word_1_397' title='bbox 946 4049 987 4082; x_wconf 79' lang='lat' dir='ltr'>esso</span> <span class='ocrx_word' id='word_1_398' title='bbox 1004 4032 1119 4092; x_wconf 72' lang='lat' dir='ltr'>tbrtunass</span> <span class='ocrx_word' id='word_1_399' title='bbox 1133 4035 1209 4096; x_wconf 75' lang='lat' dir='ltr'>poili.</span> 
     </span>
     <span class='ocr_line' id='line_1_44' title="bbox 154 4096 1208 4175; baseline 0.003 -28"><span class='ocrx_word' id='word_1_400' title='bbox 154 4111 260 4175; x_wconf 73' lang='lat' dir='ltr'>pentem</span> <span class='ocrx_word' id='word_1_401' title='bbox 272 4113 359 4156; x_wconf 76' lang='lat' dir='ltr'>namt,</span> <span class='ocrx_word' id='word_1_402' title='bbox 372 4108 498 4162; x_wconf 87' lang='lat' dir='ltr'>utrumque</span> <span class='ocrx_word' id='word_1_403' title='bbox 512 4113 596 4147; x_wconf 85' lang='lat' dir='ltr'>nomen</span> <span class='ocrx_word' id='word_1_404' title='bbox 614 4113 668 4147; x_wconf 84' lang='lat' dir='ltr'>con·</span> <span class='ocrx_word' id='word_1_405' title='bbox 700 4096 758 4164; x_wconf 68' lang='lat' dir='ltr'>mm]</span> <span class='ocrx_word' id='word_1_406' title='bbox 786 4098 894 4146; x_wconf 81' lang='lat' dir='ltr'>Liberam</span> <span class='ocrx_word' id='word_1_407' title='bbox 922 4109 946 4145; x_wconf 85' lang='lat' dir='ltr'>et</span> <span class='ocrx_word' id='word_1_408' title='bbox 974 4099 1100 4146; x_wconf 83' lang='lat' dir='ltr'>immunem</span> <span class='ocrx_word' id='word_1_409' title='bbox 1123 4101 1208 4150; x_wconf 78' lang='lat' dir='ltr'>factam</span> 
     </span>
     <span class='ocr_line' id='line_1_45' title="bbox 153 4162 1208 4228; baseline 0.004 -17"><span class='ocrx_word' id='word_1_410' title='bbox 153 4166 238 4228; x_wconf 72' lang='lat' dir='ltr'>jungit,</span> <span class='ocrx_word' id='word_1_411' title='bbox 247 4167 295 4224; x_wconf 68' lang='grc' dir='ltr'>τὴν</span> <span class='ocrx_word' id='word_1_412' title='bbox 309 4163 448 4227; x_wconf 61' lang='lat' dir='ltr'>(obsoniis)</span> <span class='ocrx_word' id='word_1_413' title='bbox 462 4163 526 4225; x_wconf 75' lang='lat' dir='ltr'>repsi</span> <span class='ocrx_word' id='word_1_414' title='bbox 537 4162 566 4209; x_wconf 82' lang='lat' dir='ltr'>rb</span> <span class='ocrx_word' id='word_1_415' title='bbox 577 4163 670 4212; x_wconf 67' lang='grc' dir='ltr'><strong><em>Πύθιον</em></strong></span> <span class='ocrx_word' id='word_1_416' title='bbox 700 4179 750 4213; x_wconf 80' lang='lat' dir='ltr'>sess</span> <span class='ocrx_word' id='word_1_417' title='bbox 760 4163 876 4210; x_wconf 75' lang='lat' dir='ltr'>fortunam</span> <span class='ocrx_word' id='word_1_418' title='bbox 888 4163 1000 4226; x_wconf 67' lang='lat' dir='ltr'>publicum</span> <span class='ocrx_word' id='word_1_419' title='bbox 1015 4165 1043 4211; x_wconf 77' lang='lat' dir='ltr'>ab</span> <span class='ocrx_word' id='word_1_420' title='bbox 1058 4165 1121 4212; x_wconf 84' lang='lat' dir='ltr'>omui</span> <span class='ocrx_word' id='word_1_421' title='bbox 1135 4167 1208 4216; x_wconf 86' lang='lat' dir='ltr'>mslo·</span> 
     </span>
     <span class='ocr_line' id='line_1_46' title="bbox 156 4228 1208 4294; baseline 0.005 -18"><span class='ocrx_word' id='word_1_422' title='bbox 156 4229 197 4276; x_wconf 76' lang='lat' dir='ltr'>scal</span> <span class='ocrx_word' id='word_1_423' title='bbox 207 4230 253 4286; x_wconf 78' lang='grc' dir='ltr'>τὴν</span> <span class='ocrx_word' id='word_1_424' title='bbox 262 4229 368 4291; x_wconf 67' lang='grc' dir='ltr'><strong><em>Πέτραν.</em></strong></span> <span class='ocrx_word' id='word_1_425' title='bbox 701 4245 752 4277; x_wconf 87' lang='lat' dir='ltr'>rum</span> <span class='ocrx_word' id='word_1_426' title='bbox 764 4242 828 4276; x_wconf 85' lang='lat' dir='ltr'>metu</span> <span class='ocrx_word' id='word_1_427' title='bbox 840 4244 866 4276; x_wconf 84' lang='lat' dir='ltr'>ac</span> <span class='ocrx_word' id='word_1_428' title='bbox 877 4228 987 4292; x_wconf 83' lang='lat' dir='ltr'>periculo,</span> <span class='ocrx_word' id='word_1_429' title='bbox 1001 4244 1134 4294; x_wconf 72' lang='lat' dir='ltr'>perpressa</span> <span class='ocrx_word' id='word_1_430' title='bbox 1145 4233 1208 4280; x_wconf 83' lang='lat' dir='ltr'>usls·</span> 
     </span>
    </p>

    <p class='ocr_par' dir='ltr' id='par_1_5' title="bbox 154 4293 1212 4622">
     <span class='ocr_line' id='line_1_47' title="bbox 188 4293 1208 4357; baseline 0.006 -17"><span class='ocrx_word' id='word_1_431' title='bbox 188 4293 260 4342; x_wconf 66' lang='lat'>⁷1²0</span> <span class='ocrx_word' id='word_1_432' title='bbox 275 4293 450 4357; x_wconf 63' lang='lat' dir='ltr'>quadriennium</span> <span class='ocrx_word' id='word_1_433' title='bbox 468 4301 620 4354; x_wconf 71' lang='lat' dir='ltr'>quaomnia</span> <span class='ocrx_word' id='word_1_434' title='bbox 636 4309 670 4341; x_wconf 84' lang='lat' dir='ltr'>ms</span> <span class='ocrx_word' id='word_1_435' title='bbox 702 4295 825 4350; x_wconf 71' lang='lat' dir='ltr'>mitatem</span> <span class='ocrx_word' id='word_1_436' title='bbox 854 4309 877 4340; x_wconf 90' lang='lat' dir='ltr'>sn</span> <span class='ocrx_word' id='word_1_437' title='bbox 905 4309 980 4342; x_wconf 81' lang='lat' dir='ltr'>meam</span> <span class='ocrx_word' id='word_1_438' title='bbox 1006 4294 1092 4344; x_wconf 82' lang='lat' dir='ltr'>scilicet</span> <span class='ocrx_word' id='word_1_439' title='bbox 1113 4299 1208 4346; x_wconf 84' lang='lat' dir='ltr'>domum</span> 
     </span>
     <span class='ocr_line' id='line_1_48' title="bbox 157 4357 1208 4427; baseline 0 -22"><span class='ocrx_word' id='word_1_440' title='bbox 157 4359 261 4421; x_wconf 68' lang='lat' dir='ltr'>emaum]</span> <span class='ocrx_word' id='word_1_441' title='bbox 287 4359 381 4406; x_wconf 85' lang='lat' dir='ltr'>Mirum</span> <span class='ocrx_word' id='word_1_442' title='bbox 400 4357 471 4404; x_wconf 81' lang='lat' dir='ltr'>videri</span> <span class='ocrx_word' id='word_1_443' title='bbox 490 4359 567 4418; x_wconf 84' lang='lat' dir='ltr'>debet,</span> <span class='ocrx_word' id='word_1_444' title='bbox 587 4370 610 4405; x_wconf 88' lang='lat' dir='ltr'>et</span> <span class='ocrx_word' id='word_1_445' title='bbox 629 4373 668 4405; x_wconf 86' lang='lat' dir='ltr'>su·</span> <span class='ocrx_word' id='word_1_446' title='bbox 700 4375 767 4406; x_wconf 81' lang='lat' dir='ltr'>verso</span> <span class='ocrx_word' id='word_1_447' title='bbox 778 4358 886 4421; x_wconf 75' lang='lat' dir='ltr'>quidquid</span> <span class='ocrx_word' id='word_1_448' title='bbox 901 4361 1043 4420; x_wconf 75' lang='lat' dir='ltr'>calamitatis,</span> <span class='ocrx_word' id='word_1_449' title='bbox 1058 4363 1081 4409; x_wconf 89' lang='lat' dir='ltr'>in</span> <span class='ocrx_word' id='word_1_450' title='bbox 1097 4379 1208 4427; x_wconf 83' lang='lat' dir='ltr'>compen.</span> 
     </span>
     <span class='ocr_line' id='line_1_49' title="bbox 157 4423 1208 4492; baseline 0.007 -22"><span class='ocrx_word' id='word_1_451' title='bbox 157 4427 277 4488; x_wconf 56' lang='lat' dir='ltr'>praese.</span> <span class='ocrx_word' id='word_1_452' title='bbox 297 4437 322 4472; x_wconf 86' lang='lat' dir='ltr'>et</span> <span class='ocrx_word' id='word_1_453' title='bbox 338 4423 380 4472; x_wconf 88' lang='lat' dir='ltr'>hic</span> <span class='ocrx_word' id='word_1_454' title='bbox 398 4437 476 4470; x_wconf 86' lang='lat' dir='ltr'>rursus</span> <span class='ocrx_word' id='word_1_455' title='bbox 494 4439 611 4486; x_wconf 79' lang='lat' dir='ltr'>perperma</span> <span class='ocrx_word' id='word_1_456' title='bbox 626 4439 670 4470; x_wconf 88' lang='lat' dir='ltr'>nu·</span> <span class='ocrx_word' id='word_1_457' title='bbox 699 4425 814 4472; x_wconf 77' lang='lat' dir='ltr'>sationem</span> <span class='ocrx_word' id='word_1_458' title='bbox 836 4423 902 4470; x_wconf 80' lang='lat' dir='ltr'>nimis</span> <span class='ocrx_word' id='word_1_459' title='bbox 931 4425 1035 4473; x_wconf 72' lang='lat' dir='ltr'>loetuusn</span> <span class='ocrx_word' id='word_1_460' title='bbox 1054 4441 1142 4492; x_wconf 86' lang='lat' dir='ltr'>retum,</span> <span class='ocrx_word' id='word_1_461' title='bbox 1159 4430 1208 4476; x_wconf 86' lang='lat' dir='ltr'>iru-</span> 
     </span>
     <span class='ocr_line' id='line_1_50' title="bbox 159 4487 1062 4557; baseline 0.004 -21"><span class='ocrx_word' id='word_1_462' title='bbox 159 4491 242 4537; x_wconf 77' lang='lat' dir='ltr'>merari</span> <span class='ocrx_word' id='word_1_463' title='bbox 259 4507 336 4538; x_wconf 82' lang='lat' dir='ltr'>sonos</span> <span class='ocrx_word' id='word_1_464' title='bbox 359 4487 544 4552; x_wconf 82' lang='lat' dir='ltr'>quibusbellum</span> <span class='ocrx_word' id='word_1_465' title='bbox 564 4491 669 4536; x_wconf 85' lang='lat' dir='ltr'>sdversus</span> <span class='ocrx_word' id='word_1_466' title='bbox 702 4489 801 4554; x_wconf 85' lang='lat' dir='ltr'>pendere</span> <span class='ocrx_word' id='word_1_467' title='bbox 813 4489 953 4554; x_wconf 79' lang='lat' dir='ltr'>Reipublicae</span> <span class='ocrx_word' id='word_1_468' title='bbox 963 4503 1062 4557; x_wconf 77' lang='lat' dir='ltr'>poterat.</span> 
     </span>
     <span class='ocr_line' id='line_1_51' title="bbox 154 4553 1212 4622; baseline -0.001 -18"><span class='ocrx_word' id='word_1_469' title='bbox 154 4555 240 4605; x_wconf 80' lang='lat' dir='ltr'>Perses</span> <span class='ocrx_word' id='word_1_470' title='bbox 260 4568 355 4620; x_wconf 74' lang='lat' dir='ltr'>gestum</span> <span class='ocrx_word' id='word_1_471' title='bbox 372 4565 419 4606; x_wconf 86' lang='lat' dir='ltr'>est.</span> <span class='ocrx_word' id='word_1_472' title='bbox 463 4563 538 4602; x_wconf 79' lang='lat' dir='ltr'>onstat</span> <span class='ocrx_word' id='word_1_473' title='bbox 554 4554 623 4612; x_wconf 81' lang='lat' dir='ltr'>enirn,</span> <span class='ocrx_word' id='word_1_474' title='bbox 644 4565 670 4602; x_wconf 89' lang='lat' dir='ltr'>ut</span> <span class='ocrx_word' id='word_1_475' title='bbox 734 4553 839 4605; x_wconf 83' lang='lat' dir='ltr'>⁹Cstrrrs</span> <span class='ocrx_word' id='word_1_476' title='bbox 858 4557 1036 4622; x_wconf 73' lang='lat' dir='ltr'>iat&#39;upitotiam,</span> <span class='ocrx_word' id='word_1_477' title='bbox 1057 4572 1083 4605; x_wconf 75' lang='lat' dir='ltr'>es</span> <span class='ocrx_word' id='word_1_478' title='bbox 1105 4556 1212 4619; x_wconf 68' lang='lat' dir='ltr'>Capitolio</span> 
     </span>
    </p>
   </div>
   <div class='ocr_carea' id='block_1_4' title="bbox 0 0 1596 5225">
    <p class='ocr_par' dir='ltr' id='par_1_6' title="bbox 0 0 1596 5225">
     <span class='ocr_line' id='line_1_52' title="bbox 0 0 1596 5225; baseline 0 0"><span class='ocrx_word' id='word_1_479' title='bbox 0 0 1596 5225; x_wconf 95' lang='lat' dir='ltr'> </span> 
     </span>
    </p>
   </div>
  </div>
 </body>
</html>
