3184 5225
483 392 561 451 Llll.
581 393 689 453 xutv.
711 392 792 454 CAP.
813 393 929 453 XXH.
1162 401 1218 455 141

171 540 289 605 Decem
306 555 452 626 preterea
465 546 563 608 millia
575 548 711 629 peditum
722 548 873 630 imperata
887 547 988 625 sociis,
1003 557 1035 610 et
1046 540 1264 629 effingens-⁰·
1274 543 1393 596 ⁰·⁵⁸⁴·'‘

171 630 301 709 equites.
346 628 381 692 ld
398 632 527 712 presidii
552 633 690 695 additum
706 634 827 711 Anicio,
850 645 958 715 preter
981 634 1057 694 duas
1070 634 1216 715 legiones,
1230 608 1299 666 ‘³⁸¹⁰'
1317 610 1383 664 Μ’

172 719 202 753 ²⁰
213 736 288 797 quns
309 730 431 799 portare
447 718 477 779 in
495 717 710 781 Macedoniam
726 732 773 781 est
783 719 896 801 jussus,
912 720 1006 800 quina
1019 720 1115 781 millia
1129 721 1227 802 pedi-⁴

173 812 239 863 tum
267 814 298 863 et
319 802 453 865 ducenos
475 806 632 883 habentes,
655 815 794 867 trecenos
818 807 955 887 equites:
983 816 1017 866 et
1034 806 1067 865 in
1090 806 1218 868 classem

172 889 307 969 quinque
321 889 419 950 millia
433 892 583 951 navalium
599 892 714 953 socium
730 903 802 953 sunt
823 892 947 973 scripta.
992 890 1128 952 Licinius
1142 912 1228 954 con-·
1335 942 1344 961 .

173 974 221 1035 sul
238 976 353 1037 duabus
370 976 536 1057 legionibus
552 978 689 1040 obtinere
705 979 891 1060 provinciam
910 977 1031 1059 jussus:
1055 999 1093 1040 eo
1108 978 1220 1040 addere

174 1062 448 1123 sociorum·decem
463 1064 559 1125 millia
573 1064 720 1145 peditum,
741 1076 773 1125 et
787 1074 948 1127 sexcentos
962 1064 1090 1145 equites.

217 1145 321 1209 XXII.
337 1145 614 1211 senatusconsultis
626 1150 779 1233 perfectis,
791 1148 827 1211 1..
836 1148 979 1212 AEmilius
989 1152 1093 1212 consul
1106 1172 1124 1211 e
1135 1152 1258 1217 eurist.
1270 1166 1359 1217 AEmuit

175 1233 206 1293 in
222 1234 403 1296 concionem
420 1236 577 1317 processit,
600 1237 830 1317 orationemque
845 1236 939 1297 talem
954 1237 1071 1297 habuit.
1116 1237 1128 1269 ‘
1141 1234 1377 1299 Ani-0⁰⁵·012150·

174 1319 185 1351 ‘
199 1320 396 1383 madvertisse
408 1322 522 1401 videor,
537 1322 680 1399 Quirites,
692 1321 840 1404 majorem
852 1322 938 1399 mibi,
950 1322 1057 1384 sortito
1069 1321 1219 1385 Macedo-

173 1404 281 1468 ‘niam
307 1408 505 1488 provinciam,
531 1408 768 1489 gratulationem
793 1409 916 1485 metam,
941 1429 1032 1490 quam
1048 1426 1141 1490 quum
1163 1422 1224 1472 aut*

172 1491 185 1523 ‘
200 1494 306 1555 consul
317 1514 413 1556 essem
426 1496 642 1572 consalutatus,
655 1506 709 1556 aut
720 1515 780 1576 quo
793 1494 842 1556 die
855 1495 1068 1575 magistratum
1078 1496 1200 1556 inissem
1208 1516 1225 1558 τ’

173 1577 186 1609 ‘
200 1600 299 1660 neque
315 1580 347 1641 id
358 1581 401 1642 ob
415 1582 505 1643 aliam
522 1601 670 1658 caussam,
687 1602 777 1663 quam
793 1582 865 1663 quia
879 1580 960 1641 bello
975 1581 1006 1641 in
1022 1579 1218 1659 Macedonia,

174 1664 185 1698 ‘
201 1666 284 1747 quod
297 1666 348 1727 diu
360 1667 499 1745 trabitur,
514 1668 711 1729 existimastis
724 1667 850 1749 dignum
862 1665 1020 1748 majestate
1036 1667 1141 1750 populi
1152 1667 1218 1730 Ro·

176 1751 187 1783 ‘
203 1753 287 1813 mani
298 1752 414 1815 exitum
426 1774 479 1835 per
490 1774 539 1815 rne
550 1754 655 1837 inponi
667 1773 766 1836 posse.
801 1752 885 1814 Deos
896 1773 1018 1833 quoqne
1029 1754 1100 1815 huie
1111 1754 1219 1816 {sense

173 1836 275 1899 ‘sorti
290 1858 390 1920 spero,
416 1841 598 1921 eosdemque
626 1841 656 1900 in
684 1840 771 1901 rebus
794 1840 934 1920 gerendis
960 1840 1117 1901 adsumtos
1143 1861 1219 1901 esse.

172 1922 277 1985 ‘Haec
291 1925 401 2007 partim
425 1929 449 1965 ²¹
464 1927 592 2009 opinari,
615 1927 727 2009 partim
747 1946 869 2008 sperare
890 1946 1024 2007 possum.
1069 1924 1147 1989 lllnd
1163 1926 1219 1987 ad-

175 2009 321 2073 ‘firmare
336 2032 392 2093 pro
408 2024 491 2075 certo
507 2014 604 2075 habeo
621 2012 788 2093 audeoque,
806 2032 856 2073 me
870 2013 954 2074 omni
970 2033 1028 2093 ope
1044 2012 1220 2074 adnisurum

174 2096 185 2128 ‘
200 2117 276 2174 esse,
302 2118 341 2159 ne
357 2098 467 2160 frustra
480 2120 535 2161 vos
551 2100 629 2161 hanc
655 2118 741 2181 spem
762 2098 802 2160 de
824 2118 876 2176 me
890 2098 1102 2181 conceperitis.
1146 2098 1222 2168 Ques

175 2182 239 2244 ‘ad
255 2183 366 2245 bellum
383 2204 459 2266 opus
474 2196 554 2263 sunt,
577 2197 609 2247 et
633 2196 753 2246 senatus
769 2184 913 2260 decrevit,
937 2198 969 2245 et
995 2184 1151 2266 (quoniam
1166 2206 1221 2246 ex·

173 2270 185 2301 ‘
200 2271 317 2352 templo
329 2269 479 2352 proticisci
492 2271 603 2354 placet,
615 2292 713 2351 neque
729 2290 787 2351 ego
803 2270 834 2331 in
850 2291 936 2331 mora
946 2272 1026 2349 sum)
1041 2269 1078 2331 C.
1087 2269 1222 2332 Licinius
1297 2304 1303 2311 ·

173 2355 186 2387 ‘
199 2355 333 2438 collega,
349 2357 394 2416 vir
409 2358 558 2439 egregius,
583 2377 665 2438 eque
681 2357 764 2419 enise
781 2357 912 2438 parebit,
934 2376 971 2417 ac
986 2357 1012 2418 si
1027 2358 1094 2439 ipse
1108 2357 1141 2418 id
1156 2356 1221 2418 bel·

172 2442 184 2475 ‘
199 2442 263 2503 lum
280 2452 418 2522 gesturus
433 2455 522 2505 esset.
565 2441 639 2522 Vos,
654 2463 719 2524 quae
735 2444 884 2525 scripsero
904 2443 1034 2520 senatui,
1058 2454 1111 2505 aut
1124 2443 1221 2521 vobis,

173 2529 184 2562 ‘
197 2529 328 2590 credite.
344 2548 479 2591 rumores
493 2528 670 2591 credulitate
685 2541 784 2590 vestra
800 2549 839 2589 ne
855 2528 954 2597 alatis,
970 2548 1099 2608 quorum
1115 2540 1220 2590 auctor

174 2616 292 2676 ‘nemo
307 2615 451 2677 exstabit.
496 2615 576 2677 Nam
599 2636 680 2676 nunc
696 2616 831 2696 quidem,
855 2615 938 2696 quod
953 2616 1044 2696 vulgo
1058 2614 1133 2692 fieri,
1161 2615 1219 2676 hoc

175 2703 186 2735 ‘
201 2701 351 2784 precipue
366 2701 457 2776 bello,
473 2702 683 2778 animadverti,
698 2722 788 2764 nemo
800 2712 864 2762 tarn
876 2701 964 2762 fame
975 2712 1146 2764 contemtor
1161 2714 1221 2779 est,

176 2785 286 2869 ‘cujus
307 2807 369 2848 non
396 2787 548 2849 debilitari
573 2787 690 2848 animus
715 2787 821 2870 possit.
866 2785 901 2848 lu
923 2787 1064 2849 omnibus
1090 2787 1221 2867 circulis,

177 2875 188 2908 ‘
202 2885 293 2954 atque
306 2874 399 2934 etiam
426 2872 464 2952 (si
480 2873 546 2935 Diis
562 2874 673 2956 placet)
692 2875 724 2935 in
739 2873 884 2937 conviviis
899 2885 979 2952 sunt,
1002 2874 1053 2955 qui
1068 2875 1222 2936 exercitus

175 2960 231 3021 ‘in
250 2959 465 3021 Macedoniam
493 2960 622 3037 ducant;
650 2961 702 3020 ubi
729 2970 830 3022 castra
850 2960 981 3021 locanda
1005 2961 1077 3037 sint,
1100 2961 1221 3037 seiant3

175 3048 186 3082 ⁴
201 3066 267 3126 quae
277 3046 345 3108 loca
355 3047 500 3128 presidiis
509 3046 702 3130 occupanda3
716 3047 849 3128 quando,
862 3057 982 3128 autquo
991 3047 1070 3108 saltu
1079 3047 1222 3108 intrando

175 3135 186 3166 ‘
203 3131 388 3194 Macedonia
396 3155 407 3209 3
424 3134 475 3194 nbi
488 3135 596 3194 horrea
607 3133 764 3216 ponenda3
782 3153 843 3214 qua
858 3144 946 3209 terra,
961 3133 1038 3193 mari
1050 3133 1221 3194 subvehan-

176 3219 254 3278 ‘tur
280 3229 464 3280 commentus
476 3242 486 3296 3
513 3219 636 3300 quando
662 3239 732 3280 cum
758 3218 847 3282 hoste
873 3239 980 3279 manus
1006 3218 1220 3292 conserendae3

176 3305 189 3338 ‘
205 3303 327 3384 quaudo
343 3305 553 3384 quiescendum
575 3306 625 3366 sit.
669 3303 748 3382 Nec,
771 3304 845 3384 quid
861 3304 967 3365 melius
982 3303 1154 3364 laciendum
1170 3303 1222 3379 sit,

174 3391 188 3424 ‘
206 3389 301 3452 modo
311 3401 455 3471 statuunt,
467 3393 532 3468 sed,
545 3391 692 3473 quidquid
704 3391 802 3466 aliter,
814 3409 905 3469 quam
918 3389 976 3471 ipsi
988 3409 1143 3475 censuere,
1157 3388 1222 3449 fae-

159 3478 187 3552 ‚‘
203 3488 270 3538 tum
287 3488 344 3555 est,
370 3479 523 3540 consulem
540 3478 633 3539 veluti
650 3477 733 3537 dicta
749 3475 799 3536 die
813 3488 967 3536 accusant.
1011 3473 1086 3536 Hac
1109 3497 1222 3558 magna

174 3565 186 3598 ‘
201 3563 412 3646 inpedimenta
428 3587 474 3627 res
488 3564 663 3647 gerentibus
678 3573 758 3623 sunt.
774 3582 832 3623 uec
848 3561 928 3646 enirn
945 3583 1051 3646 omnes
1063 3574 1126 3623 tem
1142 3561 1220 3641 firmi

174 3651 231 3712 ‘et
247 3652 418 3712 constantis
433 3649 527 3714 a'nimi
539 3662 647 3720 contra
663 3650 820 3712 adversum
836 3669 988 3709 rumorem
1004 3670 1068 3709 esse
1084 3659 1221 3730 possunt,

174 3739 185 3771 ‘
200 3755 292 3817 quam
311 3735 422 3798 Fabius
438 3738 515 3800 luit:
538 3738 589 3819 qui
605 3755 690 3796 suum
707 3735 867 3818 imperium
883 3735 978 3796 minui
994 3738 1021 3773 ²²
1033 3755 1087 3816 per
1101 3734 1221 3795 vanita-

172 3823 263 3884 ‘tem
279 3823 385 3905 populi
401 3824 517 3903 maluit,
540 3844 632 3905 quam
656 3822 790 3884 secunda
813 3822 896 3882 fania
924 3822 1003 3882 male
1025 3841 1089 3881 rem
1107 3840 1221 3909 gerere.

173 3906 274 3970 ‘Non
289 3931 355 3972 sum
383 3911 419 3988 is,
445 3912 495 3992 qui
518 3931 579 3972 non
602 3910 773 3972 existimem
795 3909 1005 3970 admonendos
1019 3907 1111 3968 duces
1135 3926 1220 3968 esse:

172 3995 186 4028 ‘
201 3994 297 4055 immo
312 4016 394 4073 eum,
417 3997 468 4078 qui
485 3997 523 4058 de
539 4017 593 4057 sua
608 3996 694 4056 unius
709 3995 863 4057 sententie
877 3995 982 4056 omnin
996 4005 1093 4075 gerat,
1115 4013 1220 4074 super-

170 4081 182 4114 ‘
199 4079 271 4143 bum
282 4079 390 4162 judico
406 4083 515 4164 magis,
531 4103 622 4164 quam
637 4083 818 4164 sapientem.
863 4080 946 4150 Quid
961 4101 1034 4161 ergo
1049 4079 1116 4141 est?
1157 4077 1220 4141 Pri·

205 4239 230 4274 Ὦ
246 4239 308 4295 Quor
326 4249 415 4302 partera
435 4243 461 4290 in
483 4240 632 4288 Macatonion
653 4249 683 4288 est
714 4256 815 4304 possum
836 4239 918 4303 partlm
943 4255 972 4286 ex
997 4237 1119 4296 ominibus,
1142 4238 1223 4301 quibus

165 4304 256 4380 jaspe]
271 4305 510 4385 ¹⁰¹⁰.¹'’¹.1¹¹9'.¹'⁰”'¹'·
543 4305 603 4354 ttaec
620 4307 683 4354 enim
715 4306 811 4369 propitia
829 4304 894 4380 nobis
910 4304 1129 4374 deornm-voluntas
1146 4304 1222 4380 ἀφ’·

172 4369 387 4502 ''t'ftlffillf
397 4372 618 4500 illidius...
639 4435 683 4485 hoc
715 4382 951 4484 {tlsrlt‘ttt‘
972 4385 1021 4502 '¹²5'
1044 4386 1112 4433 ‘¹⁰²¹‘
1131 4369 1223 4449 '‘ill'‘

173 4497 227 4546 lece
244 4499 349 4548 verbum.
382 4501 488 4562 Legimus
499 4503 601 4553 ambrosi.
624 4503 683 4549 Ser·
746 4501 770 4534 ἥ
786 4499 831 4547 Per
847 4501 966 4548 vanitates
978 4501 1066 4566 popula]
1082 4501 1129 4553 Per
1142 4498 1222 4548 incon·

170 4574 268 4618 mest.
299 4565 359 4616 Hec
369 4565 402 4618 ita
411 4569 488 4618 lutura
496 4567 608 4633 spondere
625 4565 684 4618 nbi
715 4565 799 4616 sultam
810 4564 1022 4632 populileritatcm.
