3184 5225
376 267 437 325 280
475 260 493 291 ⁹
643 257 833 324 QUAEDAM
853 255 1145 324 ANTIQUITA'l’IS

344 392 351 411 ι
380 417 539 482 consulatu
570 415 690 478 decimo
717 437 756 478 ex
783 415 969 500 patrimonio
995 435 1066 477 meo
1093 409 1436 500 [18³⁹'quadringenos

381 504 518 586 congiari
533 502 647 564 viritim
669 503 889 586 pernumeravi,
911 515 943 566 et
959 500 1073 564 Consul
1094 502 1293 566 undecimum
1317 505 1436 570 duode-

380 593 443 653 cim
465 590 716 651 frumentationes
725 593 753 630 ‘⁰
777 589 931 652 frumento
957 589 1100 674 privatim
1126 602 1272 674 coempto
1295 611 1437 655 emensus

381 697 459 755 sum,
475 687 508 737 et
529 676 688 739 tribunitia
701 687 853 759 potestate
872 675 1085 742 duodecimum
1101 677 1329 759 quadringenos
1342 699 1434 742 num-

380 784 449 826 mos
471 763 595 825 tertium
608 762 722 825 viritim
745 763 825 825 dedi.
838 765 862 801 ‘¹
909 761 994 832 Quae
1016 781 1087 822 mea
1109 763 1304 844 congiaria⁴²
1322 787 1429 848 perve-

309 880 312 887 ,
379 859 493 912 nerunt
506 849 550 911 cd
570 850 743 912 sestertium
765 849 862 911 millia
875 867 1030 929 nunquam
1047 848 1148 910 minus
1163 851 1383 932 quinquaginta
1397 865 1432 916 et

381 937 524 1000 ducenta.
581 933 774 999 Tribunitiae
804 934 965 1018 potestatis
992 933 1281 998 duodevicinsimum
1311 936 1428 1002 Consul
1456 963 1470 986 s

378 1020 452 1085 ΧΠ.
467 1023 611 1085 trecentis
635 1035 669 1086 et
691 1022 799 1103 viginti
825 1019 957 1082 millibus
978 1020 1078 1104 plebei
1100 1022 1231 1084 urbanae
1256 1044 1428 1105 sexagenos

380 1109 521 1173 denarios
545 1109 657 1170 viritim
682 1108 753 1170 dedi
759 1131 770 1186 3
803 1120 835 1170 et
862 1107 973 1169 cuoivis
1000 1107 1132 1171 militum
1157 1129 1292 1172 meorum
1318 1112 1426 1174 consul

381 1196 522 1278 quintum
544 1216 583 1257 ex
609 1195 750 1258 manibiis
772 1194 885 1256 viritim
908 1194 1004 1256 millia
1026 1215 1182 1258 nummum
1205 1197 1323 1279 singula
1345 1197 1429 1260 dedi.

376 1284 574 1365 Acceperunt
597 1282 629 1344 id
651 1281 834 1363 triumphale
856 1281 1042 1362 congiarium
1066 1282 1097 1344 in
1119 1281 1247 1345 coloniis
1268 1285 1430 1354 hominum

377 1370 499 1432 circiter
513 1380 636 1431 centum
659 1381 692 1431 et
713 1367 820 1450 viginti
836 1365 941 1430 millia.
987 1367 1101 1433 Consul
1125 1370 1251 1432 tertium
1275 1371 1430 1433 decimum

378 1455 710 1537 sexagenos-denarios
731 1454 842 1540 plebei,
865 1475 942 1536 quae
968 1469 1034 1517 tum
1058 1455 1245 1520 frumentum
1271 1458 1429 1540 publicum

377 1553 573 1624 acceperunt,
595 1542 675 1604 dedi.
731 1541 780 1605 Ea
805 1541 902 1603 millia
924 1542 1082 1606 hominum
1105 1545 1198 1629 paulo
1224 1543 1427 1626 pluraquam

377 1631 512 1693 ducenta
538 1629 671 1694 fuerunt.
727 1628 891 1692 Pecuniam
916 1651 972 1712 pro
997 1631 1088 1714 agris,
1109 1653 1184 1714 quos
1211 1631 1242 1692 in
1267 1631 1428 1694 consulatu

375 1739 446 1780 meo
468 1729 577 1799 quarto
599 1730 631 1780 et
655 1729 763 1800 postea
781 1718 955 1781 consulibus
980 1717 1028 1780 M.
1047 1717 1156 1781 Crasso
1171 1726 1202 1781 et
1217 1717 1273 1779 Cn.
1290 1716 1425 1780 Lentulo

374 1805 509 1887 Augure·
522 1804 679 1886 adsignari
701 1806 857 1884 militibus,
871 1806 945 1868 solvi
961 1803 1132 1889 municipls.
1186 1803 1232 1866 Ea
1249 1805 1422 1866 sestertium

376 1892 498 1954 circiter
519 1891 691 1954 sexsiens⁴³
717 1893 848 1956 milliens
871 1892 938 1972 suit,
963 1914 1053 1975 quam
1068 1913 1107 1954 er
1128 1890 1337 1953 collationibus
1359 1909 1420 1970 pra

373 1978 508 2062 praediis
517 1983 544 2016 ⁴⁴
567 1980 733 2056 numeravi,
755 1991 789 2040 et
810 1980 931 2041 circiter
952 1981 1000 2042 bis
1023 1979 1148 2040 milliens
1171 1989 1202 2040 et
1224 1975 1422 2054 sescentiens,

375 2065 458 2148 quod
474 2085 529 2148 pro
544 2066 624 2147 agris
639 2064 875 2149 provincialibus
888 2065 973 2126 solvi.
1019 2063 1054 2126 ld
1068 2065 1181 2148 primus
1195 2076 1228 2127 et
1249 2063 1329 2126 solus
1350 2085 1419 2126 om·

374 2154 470 2229 nium,
492 2153 543 2236 qui
570 2152 762 2214 deduxerunt
789 2151 925 2213 colonias
951 2151 1119 2214 militum⁴⁵
1143 2152 1174 2213 in
1196 2149 1285 2212 ltalia
1310 2161 1365 2212 aut
1390 2151 1425 2210 in

372 2239 548 2324 provinciis,
572 2238 612 2300 ad
638 2238 818 2300 memoriam
840 2239 949 2300 aetatis
975 2259 1062 2300 meae
1086 2238 1161 2316 seci3
1193 2249 1225 2298 et
1246 2247 1354 2318 postea
1373 2234 1426 2299 Ti.

372 2325 490 2389 Neroni
512 2337 544 2387 et
566 2323 624 2388 Cn.
641 2323 778 2389 Ρίεοιιίω
802 2326 986 2404 consulibus,
1009 2326 1143 2407 itemque
1174 2321 1210 2385 C.
1232 2323 1368 2384 Antistio
1392 2333 1427 2384 et

351 2410 412 2508 kD.
436 2411 544 2477 Laelio
566 2409 637 2474 Cos.
661 2424 693 2473 et
714 2411 750 2475 C.
774 2411 906 2474 Calvisio
929 2423 961 2475 et
983 2411 1018 2474 L.
1038 2411 1167 2474 Pasieno
1193 2409 1367 2472 consulibus
1393 2421 1426 2472 et

373 2496 510 2560 Lentulo
521 2504 552 2560 et
566 2495 736 2562 Messalino
750 2499 926 2562 consulibus
941 2511 973 2562 et
988 2497 1024 2562 L.
1041 2497 1171 2562 Caninio
1183 2509 1215 2560 et
1230 2496 1269 2567 Q.
1285 2494 1426 2561 Fabricio

374 2583 559 2664 consulibus,
573 2585 730 2649 veteranis
747 2606 821 2670 quos
843 2585 996 2650 emeriteis
1018 2584 1171 2672 stipendls
1195 2585 1226 2647 in
1248 2605 1301 2647 sua
1322 2583 1424 2645 miuri-

373 2669 457 2753 cipio
472 2672 594 2751 rediret,
609 2674 747 2755 praemia
762 2693 835 2737 acre
848 2684 1008 2737 numerato
1023 2674 1169 2758 persolvi:
1193 2692 1284 2754 quam
1305 2672 1337 2733 in
1358 2690 1425 2733 rem

375 2758 549 2821 sestertium
565 2759 630 2821 mill
688 2807 1036 2825 ......
1091 2758 1238 2843 impendi.

421 2844 537 2917 Quater
562 2847 692 2930 pecunia
718 2844 872 2930 mea¹juvi
899 2848 1096 2927 aerarium,‘⁷
1126 2848 1170 2911 ita
1194 2858 1229 2909 ut
1255 2844 1427 2909 sestertium

374 2932 507 2997 milliens
528 2944 561 2997 et
575 2934 755 3015 quinquiens
778 2935 818 2996 ad
835 2957 896 3015 eos,
913 2936 964 3017 qui
980 2946 1142 3017 praeerant
1163 2933 1290 3010 aerario,
1307 2930 1424 2994 deule-

375 3022 450 3084 rim:
475 3033 507 3083 et
521 3018 568 3083 M.
580 3018 711 3084 Aemilio
725 3034 757 3085 et
772 3018 810 3085 L.
825 3021 955 3085 Aruntio
970 3020 1041 3084 Cos.
1065 3022 1096 3083 in
1112 3020 1260 3083 aerarium
1281 3018 1428 3095 militare,

378 3107 462 3190 quod
491 3129 531 3171 ex
556 3107 722 3171 consilio⁴⁸
781 3154 789 3171 .
849 3156 857 3173 .
915 3156 923 3172 .
983 3109 1182 3171 corratitutum
1212 3118 1270 3185 est,
1301 3125 1340 3167 ex
1369 3124 1430 3187 quo

372 3196 511 3277 praemia
522 3194 666 3259 darentur
678 3195 838 3275 militibus,
851 3197 901 3279 qui
915 3196 1029 3281 viginti
1042 3193 1198 3276 stipendia
1213 3192 1426 3269 emeruissent,

376 3279 444 3344 HS.
460 3281 591 3345 milliens
609 3295 643 3346 et
659 3283 899 3368 septingentierrs
919 3282 986 3346 Tro.
1005 3278 1147 3345 Caesaris
1167 3280 1293 3341 nomine
1308 3290 1342 3340 et
1356 3298 1429 3340 meo

377 3368 520 3432 detuli.⁴⁰
572 3416 579 3432 .
641 3417 649 3434 .
682 3406 688 3417 ·
709 3416 1061 3435 ......
1111 3386 1169 3451 quo
1183 3364 1241 3428 Cn.
1257 3376 1288 3427 et
1299 3363 1332 3427 P.
1344 3362 1431 3427 Len·

375 3455 459 3519 tulus
481 3456 617 3518 consules
635 3456 768 3537 fuerunt,
783 3457 898 3520 eumd
943 3502 951 3520 .
996 3502 1006 3519 .
1049 3466 1153 3519 cerent
1212 3499 1221 3516 .
1280 3498 1289 3515 .
1349 3498 1358 3515 .

408 3634 475 3682 ”lta
485 3634 581 3699 legant
594 3632 624 3681 sit
634 3633 666 3683 id.
677 3633 715 3696 qd
747 3630 800 3680 HS.
812 3646 831 3680 a.
842 3628 885 3683 SS.
950 3630 972 3665 ⁴⁴
989 3630 1053 3681 Bene
1069 3630 1101 3680 tn
1120 3624 1333 3689 Cltirbull3v.Dia
1347 3626 1387 3685 51,
1403 3626 1429 3674 ⁴·

375 3712 425 3747 non
443 3702 480 3758 tta,
502 3709 530 3747 ut
549 3701 577 3747 ad
595 3698 675 3760 ρωω
693 3695 814 3753 tutentur,
827 3696 886 3744 sicut
916 3696 1081 3775 prediolo-tim
1095 3694 1158 3745 coti.
1169 3694 1245 3744 uror.
1264 3702 1289 3741 et
1301 3691 1431 3753 pram

377 3764 522 3880 pffoupaset·
529 3763 832 3887 miti‘ffl‘ut
849 3842 887 3893 sp.
922 3761 982 3860 ml?
992 3760 1109 3875 bllb'uen
1119 3826 1179 3885 Aug.
1189 3798 1229 3871 aa.
1239 3820 1316 3885 ibique
1326 3822 1400 3885 intpp.
1443 3808 1448 3821 '

373 3892 447 3944 Suet.
456 3896 616 3956 Anatim.
953 3888 976 3925 ⁴⁶
993 3888 1078 3939 Neroni
1093 3899 1118 3937 et
1129 3888 1205 3937 Pisani
1219 3897 1273 3935 sunt
1289 3886 1432 3944 athamas

412 3960 434 3994 ⁴¹
449 3961 480 4010 A.
491 3960 522 4012 v,
533 3963 588 4012 rso.
627 3955 667 4005 cr.
681 3956 748 4006 sne
765 3972 787 4005 c.
804 3958 845 4007 rr.
863 3968 888 4005 a
920 3955 1117 4020 margatum,
1128 3952 1350 4011 warocus-ort,
1361 3952 1431 4006 aar,

377 4021 475 4135 Ῑαὲγὶὲ.
485 4026 548 4105 aql.
560 4024 632 4081 16,4.
651 4097 705 4136 m
721 4087 765 4136 ui.
804 4086 878 4135 cunia
918 4024 1085 4135 ῢῖῆῖειῐρνθ.
1101 4020 1131 4069 ad
1145 4018 1187 4069 til.
1203 4019 1227 4076 7,
1237 4020 1292 4069 360.
1303 4018 1328 4073 Β,
1339 4017 1393 4065 lat.
1404 4026 1432 4063 et

378 4105 492 4229 bernaii
507 4090 596 4203 Ἠ
606 4104 828 4232 Ἦοιὲἠιυπφὸαὶι
774 4102 803 4152 μ
836 4121 888 4201 aori:
951 4121 975 4187 tl
991 4118 1171 4207 C'Hlioirm.
1319 4210 1325 4225 .

376 4218 775 4349 fflliffliffm
790 4218 843 4267 ‘¹²³
858 4217 887 4266 '¹'
921 4212 1376 4342 uf‘lffltltrbffltr‘tbt':
1385 4212 1432 4327 ll:

410 4347 434 4382 ⁴⁸
449 4348 885 4415 &mgdmcmachahuuexm-
918 4345 1100 4395 Mmtbalti.

374 4412 593 4479 ruiramus
602 4414 852 4491 asambrunensis.
949 4412 972 4449 ⁴⁹
989 4410 1027 4461 Cf.
1039 4409 1087 4462 Dio
1099 4411 1225 4475 ὕψη.

1409 4559 1416 4597 l
