3184 5225
824 350 1022 410 EPITOMAE

849 661 1006 739 XLVII.

441 882 495 940 Gn.
523 880 678 941 Tremellio
701 882 818 942 tribuno
834 883 933 961 plebis
953 881 1049 940 multa
1066 880 1149 939 dicta
1162 888 1217 951 est,
1231 880 1390 958 quodcum
1403 878 1451 940 M.

396 960 523 1018 AEmilio
537 960 649 1038 Lepido
658 962 800 1039 pontifice
812 964 939 1020 marimo
952 961 1093 1038 injuriose
1106 960 1317 1017 contenderat:
1330 958 1452 1018 ⁴sacro-

395 1056 528 1117 rumque,
543 1058 630 1117 quam
643 1040 881 1115 mapistratuum
888 1040 943 1117 jus
953 1036 1192 1117 potentiusfuit.
1216 1036 1278 1095 Len
1287 1038 1324 1095 de
1333 1036 1452 1096 ambitu

397 1114 472 1175 lata.
514 1116 655 1187 Lustrum
675 1138 695 1175 a
708 1117 875 1181 censoribus
887 1119 1038 1177 conditum
1050 1124 1105 1177 est.
1151 1115 1243 1175 Gensa
1256 1124 1324 1175 sunt
1336 1116 1450 1175 ciuium

395 1197 498 1272 capita
526 1203 656 1254 trecenta
682 1196 809 1273 tripinta
832 1205 897 1256 octo
921 1193 1030 1265 millia,
1058 1201 1190 1253 trecenta
1214 1194 1448 1273 quatuordecim.

396 1272 542 1353 Princeps
563 1282 682 1332 senatus
706 1274 800 1335 lectus
821 1275 965 1335 AEmilius
985 1274 1126 1353 Lepidus.
1167 1273 1251 1330 luter
1272 1272 1449 1331 Ptolemaos

386 1350 519 1426 fratres,
533 1353 585 1431 qui
599 1351 793 1423 dissidebant,
799 1353 905 1429 jadus
915 1355 1016 1425 ictum,
1027 1361 1062 1411 ut
1074 1351 1154 1409 alter
1166 1352 1199 1409 in
1210 1351 1355 1428 AEqypta
1365 1350 1452 1407 alter

397 1429 521 1504 Cyrenis
542 1439 689 1507 reynaret.
732 1432 921 1504 Ariarathes,
941 1432 1135 1510 Cappadocia
1157 1449 1221 1500 rex,
1239 1428 1361 1487 consilio
1384 1428 1450 1485 De·

391 1510 503 1579 metrii,
517 1511 596 1585 repis
610 1508 715 1585 Syria,
738 1518 768 1566 et
781 1510 896 1569 uiribus
907 1511 1012 1591 pulsus
1024 1528 1124 1587 repno,
1137 1531 1157 1568 a
1170 1516 1276 1568 senatu
1288 1508 1452 1565 restitutus

392 1593 447 1643 est.
489 1586 580 1646 Missi
593 1608 612 1645 a
626 1596 741 1658 senatu,
755 1590 810 1667 qui
822 1590 901 1647 inter
914 1588 1108 1649 Masinissam
1127 1597 1158 1647 et
1179 1586 1450 1661 Kartbapinienses

392 1664 429 1721 de
452 1684 525 1741 apro
540 1666 726 1741 judicarent.
780 1668 813 1725 0.
839 1666 976 1727 Marcius
996 1669 1098 1727 consul
1117 1667 1260 1725 aduersus
1284 1664 1450 1723 Dalmatas

387 1760 497 1821 parum
505 1763 646 1823 prospere
656 1748 794 1823 primum,
805 1754 911 1823 postea
916 1746 1057 1823 feliciter
1071 1746 1238 1837 pupnaoits
1262 1762 1326 1801 curn
1339 1740 1451 1820 quibus

395 1818 472 1879 bello
490 1823 668 1899 constipendi
681 1844 787 1885 caussa
792 1825 873 1900 fuit,
894 1827 974 1905 quod
987 1823 1122 1902 Illyrios,
1234 1820 1388 1879 iRomani
1400 1839 1448 1879 ro·

391 1898 463 1969 cios,
477 1909 690 1967 vastaverant‚·
717 1904 803 1965 eamd
866 1924 902 1962 ue
916 1911 1033 1980 pontem
1050 1904 1142 1961 Corne
1156 1903 1202 1961 ius
1216 1899 1331 1959 Nasica
1345 1899 1449 1959 consuo

390 1976 513 2039 domuit.
560 1980 595 2047 Q.
615 1978 748 2057 Opimius
761 2000 848 2041 consu
878 1981 1089 2060 namatptnos
1106 1981 1242 2055 Lipares,
1256 1979 1310 2055 qui
1332 1976 1447 2035 Massi·

391 2052 526 2115 liensium
548 2058 670 2136 oppida,
698 2059 864 2137 Antipolim
889 2068 919 2116 et
948 2058 1090 2127 Nireum,
1117 2054 1288 2125 vastabant,
1316 2054 1445 2131 subepit.

390 2130 545 2193 Proterea
559 2154 605 2193 res
619 2137 651 2191 in
664 2135 816 2215 Hispania
828 2158 847 2195 a
869 2135 1066 2213 compluribus
1085 2153 1195 2212 parum
1212 2151 1354 2211 prospere
1372 2151 1442 2208 pes·

389 2217 438 2269 tas
451 2215 591 2271 continet.
628 2211 638 2240 ⁵
656 2212 794 2275 Consules
807 2233 884 2272 anno
897 2214 1128 2292 quinqentesimo
1141 2212 1323 2288 nonapesimo
1336 2219 1444 2269 octauo

388 2288 427 2345 ab
441 2289 512 2349 urbe
526 2292 646 2350 condita
657 2294 877 2368 nmyistratum
896 2294 1029 2370 peractis
1045 2292 1183 2362 comitiis,
1206 2289 1446 2368 insequentisque

388 2369 461 2425 anni
473 2368 640 2428 consulibus
652 2372 771 2441 creatis,
783 2370 859 2429 inire
873 2378 1031 2448 cooperunt.
1053 2370 1199 2429 Mutandi
1208 2368 1327 2428 cornitra
1337 2386 1447 2426 caussa

379 2444 460 2519 fuit,
472 2448 551 2523 quod
563 2446 696 2525 Hispani
708 2445 903 2507 rebellabant.
944 2448 1062 2525 Legati,
1072 2450 1114 2507 ad
1126 2448 1350 2526 disceptandum
1362 2446 1445 2503 inter

388 2520 581 2581 Masinissam
594 2533 623 2584 et
638 2525 904 2603 Kartliapiniensos
920 2528 1013 2597 missi,
1035 2528 1292 2595 renunciaverunt,
1306 2526 1366 2583 vim
1387 2544 1443 2581 na·

363 2608 366 2614 '
386 2600 465 2660 valis
478 2604 608 2662 materia
622 2623 651 2662 se
665 2602 855 2681 Kartlrap‘ine
875 2606 1110 2686 deprebendisse.
1149 2605 1276 2684 Aliquot
1285 2610 1445 2685 pretores,

387 2697 407 2736 a
416 2681 581 2758 provinciis
593 2684 731 2744 avaritia
745 2684 858 2744 nomine
870 2693 1015 2759 accusati,
1029 2683 1165 2746 damnati
1176 2691 1254 2745 suut.

822 2993 1000 3074 XLVIII.

421 3237 563 3296 Lustrum
572 3259 591 3296 a
605 3237 771 3298 censoribus
781 3241 931 3300 conditum
943 3248 998 3299 est.
1023 3239 1117 3300 Coissa
1130 3246 1199 3298 sunt
1212 3237 1319 3298 civium
1333 3237 1441 3316 capitu

384 3323 515 3374 trecenta
528 3317 638 3393 vipinti
660 3325 789 3396 quatuor
802 3319 909 3377 millia.
950 3317 1067 3376 Semina
1081 3317 1166 3377 tertii
1179 3315 1250 3375 belli
1264 3315 1377 3375 Punici
1390 3335 1439 3373 re-

375 3394 533 3469 feruntur.
580 3395 675 3462 Quum
689 3397 721 3452 in
730 3395 848 3472 finibus
862 3395 1159 3474 Kartlrapiniensium
1171 3396 1273 3472 ingens
1288 3393 1439 3451 Numida-

382 3490 448 3528 rum
469 3474 626 3542 eaercitus,
649 3475 722 3532 duce
743 3474 980 3543 ⁶Ariobarzaae,
998 3474 1039 3550 Sp
1062 3473 1143 3534 bacis
1157 3481 1270 3552 nepote,
1285 3471 1438 3530 clametur

383 3569 455 3620 esse,
483 3550 527 3608 M.
553 3551 681 3611 Porcius
712 3553 785 3612 Cato
809 3554 914 3624 suasit,
945 3560 981 3610 ut
1037 3549 1318 3628 artliapiniensibus,
1346 3569 1437 3629 quum

380 3628 626 3701 Ariobarzanem,
651 3632 747 3711 specie
770 3639 874 3692 contra
894 3630 1088 3692 Masinissam
1107 3647 1214 3706 repom,
1238 3629 1292 3689 secl
1311 3647 1345 3686 re
1364 3645 1439 3687 vera

415 3887 600 3998 *Summungua
610 3887 779 3950 magistratuum
793 3847 891 3948 &st
954 3884 1086 3933 'Canulei
1100 3899 1159 3932 aino
1176 3883 1232 3933 598.
1248 3884 1435 3949 abu-emugie-
1500 3849 1505 3857 ς

383 3956 465 4002 tentius
471 3952 538 4029 suit]
581 3952 824 4030 beerrmuGronpvius,
838 3967 893 4002 nus·
922 3959 1016 4030 tratum,
1033 3951 1126 4012 peractis
1142 3948 1243 4024 mdis,
1261 3950 1437 4024 mammisque

382 4034 454 4132 tot
464 4018 892 4147 ntttt‘tttfflsnttttt
922 4013 1435 4141 “blmfflffltsmffl

383 4147 471 4210 sliquos
481 4147 821 4215 scripopmtenntsaerrm
836 4164 891 4210 quo-
922 4161 988 4194 mmn
1009 4145 1182 4207 magianum
1201 4159 1290 4194 nouom
1310 4144 1339 4190 ab
1360 4159 1384 4190 u.
1408 4158 1433 4194 c.

383 4229 426 4274 pu
441 4217 621 4278 magistratuum,
639 4215 746 4265 emenda
764 4212 891 4261 illcSooro·
922 4211 1010 4262 &ten
1029 4229 1082 4276 que
1103 4211 1141 4260 hic
1158 4210 1268 4270 latratur
1286 4208 1368 4272 portin
1385 4207 1431 4256 ob.
1480 4225 1487 4234 ·

381 4280 892 4344 rumoriquummagturrtuunjuspamtmi
921 4293 997 4337 saun,
1016 4279 1101 4344 purtim
1119 4274 1191 4326 mam
1206 4275 1263 4324 telon
1282 4283 1346 4324 suot.
1378 4271 1436 4324 vu.

372 4341 442 4406 suit:
459 4353 527 4404 atque
539 4345 693 4393 iaciendum
703 4345 800 4394 sunsit.
816 4343 891 4393 Nobis
919 4343 979 4392 toln
992 4359 1016 4393 c.
1029 4347 1070 4394 36.

380 4406 502 4472 probabili·
518 4407 572 4455 lieet
590 4409 721 4474 conjectura
732 4425 778 4458 non
789 4411 842 4458 ideo
852 4421 889 4458 ta-
951 4407 964 4443 ⁶
979 4410 1145 4458 emim
1159 4405 1227 4472 duce]
1245 4405 1346 4469 etum
1359 4402 1435 4455 MSS·

380 4473 616 4528 meoiocontixtum
626 4476 826 4528 admittendum
836 4487 882 4527 est.
920 4471 1436 4540 aGronorioiupectihubentoroom.
