3184 5225
444 374 524 437 urs.
544 338 654 437 xarv.
675 376 759 435 cre.
778 376 924 435 xxxvr.
1154 376 1226 447 ἱιιεγ

168 531 282 609 cavati,
305 530 408 612 psullo
430 531 499 613 plus
522 552 613 613 quarn
636 531 721 594 mille
743 551 851 614 pessus
871 531 1006 614 patebat.
1050 529 1096 593 lbi
1111 532 1143 593 in
1159 553 1223 595 me·
1236 546 1270 598 u.
1283 533 1370 597 csssst

170 619 235 696 dio,
261 618 469 699 sperantibus
492 618 644 699 utrimque
675 638 715 679 ex
747 618 829 679 vnllo
852 630 1020 679 castrorum
1043 618 1115 680 hinc
1141 612 1308 700 regesto·
1322 612 1376 663 ¹⁶⁸·

173 704 246 765 hinc
272 704 398 766 ¹consule
424 704 577 766 eumenis
599 704 779 785 legionibus,
806 714 974 786 pugnatum
996 715 1053 765 est.
1096 702 1224 767 Missili-

173 791 229 851 bus
244 789 349 873 procul
373 790 457 871 regia
480 790 593 851 auxilia
614 789 723 851 melius
745 792 945 873 pugnabant;
972 791 1110 851 cominus
1130 792 1225 854 stabi·

154 876 230 939 lior
257 887 289 937 et
311 875 415 953 tutior,
440 880 516 938 *aut
542 896 659 958 parma,
683 886 735 937 aut
756 888 846 938 scuto
868 874 1040 957 Ligustino,
1070 876 1225 939 Romanus

155 973 247 1024 erat.
295 960 429 1025 Meridie
452 961 515 1023 lere
536 962 670 1044 receptui
693 962 761 1024 caui
784 962 847 1023 suis
869 962 976 1023 consul
999 960 1100 1043 jussit.
1124 963 1169 1023 ita
1188 984 1226 1026 eo

155 1048 221 1109 ›die
248 1045 415 1110 diremtum
438 1048 576 1131 proelium
600 1060 658 1125 est,
681 1048 762 1109 haud
778 1048 884 1130 paucis
907 1048 1062 1128 utrimque
1081 1048 1225 1111 iuterfec-

154 1134 218 1195 ·tis.
264 1132 337 1195 Sole
352 1146 420 1197 orto
434 1146 557 1217 postero
573 1135 633 1212 die,
656 1134 779 1197 irritetis
799 1136 967 1195 certamine
991 1134 1112 1212 animis,
1133 1135 1226 1198 etiam

154 1220 271 1281 acrius
287 1240 466 1283 concursum
482 1233 548 1281 est:
572 1222 626 1283 scd
641 1220 784 1299 Romani,
807 1240 869 1281 non
884 1221 924 1281 ub
939 1220 986 1281 his
1001 1231 1133 1297 tanturn,
1155 1242 1227 1283 cum

168 1307 280 1388 quibus
307 1319 498 1370 contractum
521 1318 677 1369 certamen
702 1318 778 1385 erut,
808 1307 861 1368 sed
888 1307 986 1369 multo
1007 1307 1109 1387 magis
1128 1309 1168 1369 ab
1189 1330 1228 1371 ea

171 1393 469 1475 multitudineque
495 1392 641 1476 disposite
664 1394 695 1455 iu
718 1392 850 1456 turribus
872 1392 984 1470 stabat,
1007 1393 1090 1454 omni
1112 1414 1226 1475 genere

169 1479 333 1541 missilium
363 1479 491 1541 telorum
522 1500 557 1541 ac
588 1480 668 1541 saxis
698 1479 848 1541 maxime·
861 1480 1103 1543 vulnerabantur.
1160 1478 1223 1543 Ubi

169 1564 297 1649 propius
320 1566 416 1648 ripam
439 1566 574 1628 hostium
597 1566 758 1642 subissent,
780 1566 942 1627 tormentis
962 1565 1054 1627 missa
1074 1567 1168 1629 etiam
1183 1568 1225 1629 ad

154 1651 299 1715 ultimos
322 1652 549 1735 perveniebant.
594 1650 696 1716 Multo
718 1651 854 1736 pluribus
867 1672 906 1713 eo
928 1652 977 1714 die
996 1652 1124 1730 amissis,
1147 1675 1225 1715 con·

169 1737 218 1799 sul
233 1738 339 1820 paullo
354 1738 448 1801 serius
476 1740 593 1821 recepit
613 1760 695 1801 suos.
738 1736 846 1800 Tertio
867 1739 917 1800 die
932 1738 1041 1820 proelio
1066 1740 1224 1819 abstinuit,

171 1822 333 1906 degressus
349 1826 388 1887 ad
409 1826 503 1888 imam
523 1837 641 1907 partem
662 1836 842 1901 castrorum,
863 1825 957 1887 veluti
980 1828 1058 1906 ³per
1076 1826 1226 1888 devexum

171 1908 203 1970 in
232 1931 317 1973 msre
340 1912 504 1974 brachium
522 1913 682 1975 transitum
703 1922 885 1975 tentaturus.
907 1934 911 1939 ’
929 1910 1065 1989 Perseus,
1091 1912 1174 1996 quod
1193 1912 1226 1975 in

164 1996 263 2059 oculis
280 2009 356 2076 erat,

559 2130 575 2163 1
698 2129 715 2161 ὑ
833 2130 850 2163 0

153 2292 156 2301 ,
211 2240 364 2307 XXXVI.
387 2244 462 2286 Μ
479 2243 551 2305 anni
581 2255 652 2326 post
688 2244 907 2307 circumactum
941 2244 1104 2307 solstitium
1137 2254 1225 2305 erat:
1239 2256 1326 2308 AEmait

169 2330 249 2393 hora
265 2330 328 2391 diei
346 2327 412 2412 jam
432 2328 472 2391 ad
490 2330 648 2391 meridiem
663 2331 826 2413 vergebat:
850 2330 918 2392 iter
931 2331 1029 2393 multo
1055 2329 1176 2412 pulvere
1195 2341 1226 2391 et
1238 2326 1361 2376 ‘wb-

168 2415 377 2479 incalescente
403 2415 467 2477 sole
490 2414 605 2477 lactum
620 2428 695 2479 erat.
717 2416 865 2479 lassitudo
888 2428 921 2478 et
943 2416 1010 2477 sitis
1031 2415 1098 2498 jam
1113 2416 1227 2479 sentie-

168 2502 277 2579 batur,
306 2512 348 2578 et,
379 2500 505 2563 meridie
531 2502 676 2580 instante,
706 2504 802 2585 magis
828 2507 1041 2565 ⁴accessurum
1067 2514 1228 2584 utrumque

143 2587 358 2670 *adparebat
403 2584 520 2650 Statuit
533 2588 577 2650 sic
599 2588 736 2651 adiectos
757 2589 873 2651 recenti
894 2601 986 2670 atque
1009 2590 1128 2670 integro
1144 2588 1227 2652 lrosti

155 2695 237 2736 ·non
261 2673 406 2754 objicere.
450 2672 512 2735 Sed
537 2686 638 2736 tantus
660 2676 748 2737 ardor
771 2677 802 2738 in
831 2676 940 2738 animis
956 2676 996 2737 ad
1018 2676 1228 2738 dimicandum

170 2761 327 2842 utrimque
362 2771 439 2838 crat,
466 2759 582 2822 consuli
609 2782 670 2822 non
700 2763 817 2824 minore
844 2776 910 2824 erte
935 2763 975 2823 ad
1003 2784 1073 2824 suos
1099 2763 1227 2826 eluden-

175 2846 243 2924 dos,
259 2867 352 2928 quam
367 2846 406 2909 ad
422 2845 536 2926 hostes,
551 2868 628 2930 opus
647 2859 738 2911 esset.
771 2847 921 2910 Nondum
938 2849 1079 2910 omnibus
1095 2849 1227 2912 instruc·

175 2930 224 3010 tis,
246 2933 382 2996 instabat
396 2930 524 2994 tribunis
544 2933 687 3012 militum,
709 2947 745 2997 ut
769 2941 959 2998 maturarent
978 2935 1144 2998 instruerat
1167 2933 1227 2997 cir·

169 3019 312 3080 -cumibat
330 3020 395 3102 ipse
411 3019 544 3097 ordines,
572 3021 690 3082 animos
714 3021 845 3083 rnilitum
865 3021 1019 3086 hortando
1039 3021 1071 3082 in
1092 3041 1228 3103 pugnam

174 3105 371 3166 accendebat.
416 3103 462 3166 lbi
488 3105 588 3186 primo
614 3107 729 3168 alacres
751 3107 873 3189 signum
900 3107 1079 3189 poscebant.
1105 3106 1228 3182 deinde,
1341 3169 1346 3174 ,

46 3217 49 3224 ’
158 3191 528 3270 uuantrmjncrescerer
552 3201 650 3270 cestus,
674 3206 705 3255 et
721 3193 818 3254 vultus
844 3193 943 3254 minus
962 3194 1098 3272 vigentes
1123 3202 1155 3252 et
1173 3213 1228 3252 no·

154 3293 229 3334 ,ces
256 3276 406 3356 segniores
432 3287 530 3356 erant,
553 3288 585 3338 et
607 3277 731 3358 quidam
747 3279 958 3340 incumbentes
980 3277 1086 3354 scutis,
1110 3277 1229 3359 nisique

178 3357 248 3440 pilis
264 3362 395 3424 stabant.
437 3360 519 3424 Tum
538 3361 605 3444 jam
621 3375 726 3445 aperte
752 3365 882 3445 ⁵primis
906 3363 1062 3424 ordinibus
1087 3363 1229 3444 imperat,

178 3459 366 3512 metarentur
395 3449 527 3512 frontem
557 3459 736 3528 castrorum,
765 3461 799 3512 et
825 3449 1034 3532 inpedimenta
1059 3450 1228 3511 constitue·

203 3651 217 3686 ⁹
233 3653 280 3702 Ant
299 3667 388 3714 parma,
410 3661 451 3700 aut
472 3661 533 3702 nuto
554 3649 680 3716 Lfigrrstino]
716 3660 785 3712 etque
796 3650 861 3708 adeo,
877 3647 1186 3706 utlerefit,miuussltu1a
1202 3660 1228 3698 et

158 3755 161 3762 ⁴
175 3713 221 3768 Hir
237 3734 322 3782 nempe
340 3717 468 3781 pugnabant
486 3718 566 3767 velites
578 3715 686 3774 Romani,
716 3714 914 3764 transitut'seilius
924 3730 981 3764 esse.

176 3784 214 3842 qui
242 3799 347 3848 parmam
373 3781 502 3844 habebant,
532 3795 556 3831 et
579 3779 687 3841 Ligures,
747 3777 1228 3841 ⁴slrresrrrrumntrnmqnsJLassitudrnem

179 3847 327 3909 quiscutum,
343 3847 446 3895 sedisse
465 3858 490 3896 et
510 3864 537 3896 ex
554 3862 617 3894 mors
636 3861 684 3893 sure
716 3845 822 3894 etsirim.
856 3845 901 3894 liic
912 3847 1002 3908 generis
1021 3845 1119 3892 mutatio
1132 3843 1228 3891 offendit

174 3913 259 3969 ¹gentis.
289 3911 367 3960 'lestis
383 3923 418 3959 est
431 3911 567 3961 Plutarchus
581 3911 604 3958 in
617 3926 682 3958 eser·
718 3911 869 3960 Gronoviurn.
907 3911 954 3959 Sed
974 3910 1054 3959 eodem
1076 3909 1144 3972 plane
1160 3908 1229 3956 modo

161 3975 227 4023 -eitu
248 3977 336 4026 AEnu'lii
353 3977 423 4025 luisse
444 3977 543 4042 aliquam
564 3991 686 4026 numerum
717 3989 795 4026 noster
805 3993 871 4042 supra
889 3977 907 4026 1.
927 3989 992 4025 xxx.
1008 3991 1031 4023 e.
1047 3975 1088 4022 30.
1122 3972 1229 4022 Tuomst

182 4037 295 4100 usuram.
717 4045 891 4102 mummium,
906 4050 927 4088 st
943 4049 1070 4102 perpruau
1080 4039 1226 4102 fulcitum,

210 4107 283 4157 Ῥη
305 4109 409 4156 dmum
429 4109 455 4156 in
477 4123 538 4156 more
560 4103 684 4169 brachium]
709 4108 823 4172 ferociora
844 4116 946 4169 utroque,
961 4120 1026 4168 prosc
1041 4104 1119 4166 pulcris
1133 4112 1228 4166 opum

179 4170 216 4219 An
237 4174 320 4222 sonam
339 4173 469 4235 vallumque
484 4188 498 4220 a
515 4172 600 4221 Perseo
616 4174 687 4222 duom
717 4175 908 4232 consiliisrsstuo.

177 4249 255 4284 sersrss
264 4253 338 4295 mare,
357 4253 385 4286 su
394 4237 488 4303 proinde
506 4252 520 4283 a
535 4239 618 4287 ceteris
635 4254 686 4286 mu·
749 4238 791 4270 Η
807 4237 890 4284 Primis
901 4236 1022 4300 ordinibus]
1047 4235 1176 4285 Primomro
1187 4249 1226 4283 or-

179 4298 285 4351 nirusrrtis
296 4303 385 4364 longius
401 4304 510 4352 remote?
529 4318 558 4352 su
569 4303 699 4356 brachium·
717 4302 795 4350 diuum
813 4301 993 4350 centurionibus.
1024 4301 1138 4351 Testatur
1155 4302 1226 4365 Poly·

182 4361 279 4416 fluminis
296 4369 380 4431 Enipei
397 4370 422 4418 in
440 4385 503 4418 mere
520 4369 607 4420 devexo
624 4370 688 4418 alveo
717 4368 767 4415 blus
778 4367 795 4416 l.
808 4381 844 4415 vr.
861 4367 932 4414 lectos
948 4368 1163 4416 centurionatum
1183 4365 1226 4414 tri·

181 4423 273 4502 duem?
307 4434 690 4500 Siborposterioreseosucapias,
717 4432 781 4482 buno
810 4431 910 4480 militurn
938 4445 1064 4482 mortno
1094 4430 1228 4484 metationis

182 4494 689 4562 rudiarmtbivirulricsciuderesellumsa,
717 4499 777 4568 apul
787 4499 992 4552 Romaucscursns
1000 4497 1115 4550 babuisse.
