3184 5225
385 369 441 425 too
805 360 890 422 'rm
910 362 1010 423 len
1083 380 1088 389 ‘

217 532 251 581 u,
262 530 360 582 casa
382 518 433 581 die
448 516 715 601 postTenninalia
729 514 876 579 Kaleudm
898 516 1091 579 intercalares
1106 516 1200 580 fuere.
1245 512 1431 582 Sacerdotes

216 598 249 646 Α·
258 596 289 647 ⁰·
302 596 356 647 ¹⁶⁹·
382 606 463 668 intra
477 624 547 667 eum
562 622 675 665 anunm
689 601 814 679 mortui,
835 606 861 643 ⁸¹
873 599 911 666 Ιι.
927 601 1116 665 Flamininus
1127 603 1170 645 *l*
1182 603 1344 686 pontifices
1366 606 1429 669 duo

382 692 586 768 decessemnt‚
602 686 640 751 la.
662 686 767 751 lirrius
783 687 887 750 Philus
908 700 941 751 ct
963 687 999 751 C.
1014 686 1116 750 Livius
1136 685 1303 753 Salinator.
1327 691 1359 753 in
1381 692 1432 753 lo-

382 796 452 838 cum
477 775 559 838 Furii
583 773 624 838 T.
643 773 795 837 Manlium
822 774 1024 859 Torquatum,
1047 774 1079 837 in
1101 773 1178 838 Livii
1202 773 1249 839 Μ.
1268 772 1428 841 Servilium

215 917 352 973 aalma
381 862 540 946 mmm
555 863 706 963 lfflm.
835 950 865 965 ,.
971 950 978 964 .
1353 950 1361 965 .

213 982 370 1033 laeasa·
424 946 672 1030 Xll.Prmc1pto
697 960 883 1029 insequentis
909 968 979 1011 anna
1007 968 1100 1030 qaum
1127 950 1265 1011 consules
1293 970 1361 1012 nour
1389 950 1431 1021 Q.

215 1046 345 1097 rinocore
382 1032 518 1097 Marcius
541 1045 574 1095 et
596 1032 653 1096 Cn.
680 1031 823 1096 Servilius
854 1035 895 1097 de
920 1034 1084 1119 proviaciis
1115 1035 1299 1113 retulissent,
1328 1036 1431 1117 primo

157 1152 162 1159 ·
209 1111 344 1165 mim·
382 1141 502 1204 quoque
515 1134 655 1202 tempore
678 1132 733 1183 aut
747 1140 924 1204 comparare
945 1142 997 1183 eos
1013 1116 1093 1184 inter
1115 1142 1148 1183 se
1171 1119 1289 1183 Italiam
1304 1134 1335 1183 et
1354 1120 1431 1183 Ma·

381 1207 552 1285 eedoniam,
577 1218 632 1269 aut
655 1207 755 1269 sortiri
781 1207 917 1290 placuit:
950 1208 1124 1289 priusquam
1144 1208 1177 1268 id
1199 1228 1261 1269 sors
1276 1218 1427 1285 comeret,

382 1294 414 1354 in
428 1293 590 1371 incertum,
612 1314 652 1355 ne
676 1294 750 1374 quid
771 1295 873 1374 gratia
894 1295 1040 1356 momenti
1065 1294 1191 1371 laceret,
1215 1294 1246 1355 in
1267 1304 1431 1373 utramque·

380 1380 580 1461 provinciam,
603 1380 686 1461 quod
702 1401 749 1441 res
772 1379 959 1441 desideraret
973 1380 1187 1463 supplementi,
1211 1380 1343 1441 decerni.
1390 1376 1427 1439 In

381 1463 759 1558 Macedoniampeditum
775 1464 985 1529 Romanorum
1008 1486 1062 1528 sex
1075 1466 1181 1544 millia,
1196 1466 1347 1527 sociorum
1370 1485 1430 1525 no·

380 1552 472 1613 minis
495 1550 597 1614 Latini
619 1574 674 1614 sex
698 1552 815 1616 millia:
848 1554 964 1636 equites
986 1552 1143 1615 Romanoa
1165 1552 1314 1614 ducentos
1336 1550 1427 1631 quin-

335 1652 339 1659 ·
380 1637 537 1719 quaginta,
563 1638 661 1699 socios
687 1649 850 1701 trecentos.
893 1637 1020 1701 Veteres
1046 1639 1155 1701 milites
1180 1638 1304 1715 dimitti,
1319 1637 1365 1699 ita
1392 1646 1430 1697 ut

380 1724 413 1784 ia
427 1724 561 1805 singulas
583 1724 740 1786 Romanas
761 1726 896 1808 legiones
919 1746 958 1787 ue
974 1726 1041 1808 plus
1063 1746 1137 1787 sena
1158 1724 1255 1786 millia
1277 1724 1427 1805 peditum,

380 1812 523 1871 trecenis
538 1812 656 1891 equites
671 1823 783 1873 essem.
827 1812 925 1873 Alteri
948 1811 1063 1873 consuli
1085 1812 1184 1873 nullus
1207 1820 1307 1871 certus
1322 1808 1432 1871 finima-

379 1915 522 1957 numerus
537 1897 648 1958 civium
670 1896 890 1973 Romanorum,
913 1918 1004 1977 quem
1027 1899 1060 1957 in
1075 1898 1318 1979 supplementum
1342 1896 1428 1975 lege·

381 1995 439 2044 ret.
462 1982 494 2043 id
509 1982 601 2044 modo
623 1982 754 2061 linitum,
777 1994 812 2045 ut
826 1983 901 2043 duas
924 1983 1057 2063 legiones
1080 1983 1236 2058 scriberet,
1251 2000 1317 2061 qua
1332 1980 1434 2061 quina·

379 2068 477 2129 millia
492 2068 627 2149 peditum
643 2080 676 2129 et
693 2069 826 2130 ducenos
842 2068 1001 2144 haberent,
1016 2067 1133 2148 equites
1148 2078 1297 2129 trecenos.
1320 2068 1348 2106 ⁸¹
1361 2064 1424 2127 La·

377 2154 513 2216 tinorum
524 2164 539 2191 ¹¹
555 2154 663 2236 major,
678 2173 768 2233 quam
784 2154 919 2235 collegae,
942 2153 1081 2215 decretus
1097 2172 1260 2214 aumems:
1284 2152 1426 2235 peditum

379 2241 486 2301 decem
502 2240 599 2302 millis
621 2255 654 2301 et
668 2241 805 2302 sexcenti
828 2240 955 2320 equites.
978 2250 1106 2320 quatuor
1121 2251 1267 2321 praterea
1288 2239 1423 2319 legiones

377 2327 470 2387 scribi
480 2326 581 2408 jussae,
597 2345 674 2407 que,
694 2326 719 2387 si
735 2348 797 2407 quo
817 2347 891 2408 opus
907 2338 1000 2403 esset,
1021 2326 1232 2388 educerentur.
1276 2321 1425 2385 ⁵³Tribu-

379 2433 436 2473 uos
460 2414 538 2490 his⁰‚
563 2433 626 2473 non
656 2413 846 2493 pennissum,
872 2425 907 2475 ut
934 2411 1072 2475 consules
1100 2411 1255 2473 lacerante
1294 2408 1424 2493 populus

378 2500 501 2560 creavit.
545 2495 644 2559 Sociis
660 2499 792 2560 nominis
817 2497 917 2560 Latini
934 2499 1088 2561 sexdecim
1111 2498 1207 2559 millia
1221 2496 1370 2579 peditum,
1392 2506 1426 2555 ct

378 2583 463 2646 mille
492 2584 608 2667 equites
639 2583 791 2666 imperati.
848 2582 940 2647 Hunc
974 2586 1139 2648 exercitum
1170 2584 1268 2668 parari
1302 2594 1423 2646 tantum

378 2670 506 2751 placuit,
521 2681 556 2731 ut
570 2670 680 2748 exiret,
696 2672 721 2731 si
735 2675 797 2754 quo
818 2691 866 2732 res
889 2682 1037 2754 posceret.
1083 2668 1267 2734 Macedonia
1288 2668 1423 2729 maxime

473 2812 676 2860 armaturea.
769 2812 896 2862 ¹'Peditum
906 2813 1038 2862 Imaona
1049 2813 1107 2862 Eas.
1193 2805 1322 2858 ‘'it'tCm·

378 2934 448 2981 aare
469 2932 614 2981 ramam
629 2932 711 2996 snm]
742 2933 885 2997 semmaa,
916 2935 1009 2984 ,urna
1025 2933 1268 2984 transactam
1279 2929 1435 2988 flebam

376 2998 451 3046 temus
457 2998 506 3046 dies
515 2998 552 3046 dei
562 2999 712 3056 Termiaide
722 3015 768 3063 quo
778 3000 824 3051 tid.
834 3013 885 3051 aot.
916 3012 1010 3050 notetur
1019 3017 1034 3048 a
1045 3001 1116 3048 Livio.
1398 3057 1405 3069 .

381 3064 419 3111 12.
431 3064 460 3111 ad
469 3063 486 3111 l.
497 3078 518 3112 r.
527 3079 549 3111 c.
559 3065 778 3114 55.celebrabaatur
784 3067 883 3129 septimo
949 3067 970 3098 ⁵¹
988 3065 1017 3114 L.
1028 3064 1165 3113 Flamininus
1173 3062 1259 3126 augur]
1273 3059 1368 3122 Adiecit
1382 3057 1421 3104 Sr-

379 3125 434 3176 Ksl.
458 3127 565 3177 Martias.
608 3127 714 3178 Kolenda
741 3129 884 3180 intercalares
916 3132 996 3192 goarius
1007 3145 1092 3179 nomen
1103 3127 1229 3183 sacerdotii,
1245 3142 1291 3189 quo
1299 3124 1424 3190 praeditum

377 3203 434 3241 suat
452 3193 564 3241 Kolenda
582 3195 668 3242 measls
683 3195 838 3254 intercalaris,
855 3198 885 3244 ds
917 3196 986 3246 luisse
1004 3196 1156 3245 Flamininum
1173 3193 1295 3242 existimat.
1328 3188 1424 3253 Nempe

376 3273 425 3319 quo
435 3260 523 3321 egimus
533 3259 563 3306 ad
573 3257 590 3307 l.
601 3273 621 3308 1.
632 3276 652 3308 c.
667 3263 703 3309 19.
723 3261 835 3309 Ceterum
844 3259 885 3311 hic
917 3261 1009 3310 lxxta
1029 3279 1050 3310 c.
1067 3263 1091 3310 2.
1105 3261 1132 3308 1.
1152 3257 1292 3306 flamininus
1307 3255 1334 3303 lit
1351 3266 1424 3313 augur

377 3323 453 3387 aliqua
470 3336 504 3372 est
515 3324 646 3372 difficultas.
680 3325 773 3373 Etenim
783 3326 885 3374 interca-
920 3329 943 3374 in
962 3326 1038 3374 lotura
1058 3327 1086 3374 Ρ.
1105 3325 1167 3373 Furii
1187 3322 1253 3370 Phili.
1293 3321 1340 3368 Sed
1358 3319 1423 3366 daea

376 3387 451 3436 latum
462 3404 512 3436 esse
522 3403 613 3452 semper
622 3389 730 3450 postridie
745 3390 886 3436 Terminalia
918 3391 1059 3437 etiamnunc
1070 3391 1113 3435 hoc
1124 3390 1176 3435 loco
1186 3399 1271 3434 noman
1282 3387 1332 3446 elus
1344 3383 1382 3447 qui
1398 3381 1422 3429 in

375 3453 454 3512 colligi
474 3452 564 3499 viderur
587 3467 616 3499 ex
637 3448 748 3508 Varrone,
765 3452 782 3503 l.
806 3465 832 3500 ν,
854 3453 883 3501 ds
917 3451 1040 3501 Flaminini
1049 3453 1125 3501 locum
1137 3451 1244 3500 remeetur
1255 3461 1299 3497 eat.

378 3517 466 3577 Lingua
477 3516 529 3562 Lat.
539 3517 762 3573 etcxMacrobio,l.
773 3531 791 3566 r.
802 3515 852 3565 Sst.
863 3533 884 3566 e.
950 3517 973 3551 ⁵¹
988 3516 1120 3565 latinorum
1136 3515 1218 3577 major]
1242 3513 1305 3561 Olim
1322 3513 1421 3574 pennu

380 3582 418 3629 la.
452 3580 533 3642 ltaque
550 3581 681 3630 Putesaeus
692 3581 884 3638 existimat,libto
917 3581 1058 3630 haitanan.
1103 3579 1233 3629 omanus
1260 3577 1330 3628 deleri
1352 3575 1423 3640 jaasia

377 3645 408 3692 da
427 3644 540 3701 Bissextm
558 3663 581 3696 c.
598 3650 621 3695 2.
640 3647 762 3707 legendum
779 3647 817 3694 hic
834 3661 883 3696 esse
915 3662 995 3696 vocem
1004 3648 1111 3708 peditum,
1129 3661 1180 3707 quae
1192 3645 1251 3696 male
1261 3645 1307 3692 huc
1323 3655 1352 3690 et
1364 3639 1423 3690 sab·

375 3712 479 3771 postridie
491 3710 631 3760 Tsnninalia.
663 3712 744 3774 Seassai
760 3711 798 3758 hic
811 3723 883 3762 atatru
915 3724 1103 3776 sequeuteversu
1114 3711 1260 3770 immigraret.

376 3787 402 3823 et
412 3775 512 3824 adsonis
521 3776 633 3825 fait'dies
650 3776 761 3825 Kalendis
778 3776 882 3826 Interca-
948 3777 970 3810 ⁵³
989 3776 1095 3824 Tribunos
1103 3775 1142 3838 iis]
1160 3773 1285 3823 Mellemus
1303 3774 1345 3821 ils.
1360 3769 1421 3818 Seu·

376 3840 471 3900 laribus,
487 3842 557 3889 itaut
574 3842 638 3890 nulle
657 3858 757 3904 unquam
776 3857 804 3889 ea
816 3843 841 3890 ia
858 3857 883 3891 re
915 3853 1014 3892 emesa:
1032 3844 1056 3890 in
1067 3841 1108 3888 has
1124 3851 1221 3902 quatuor
1230 3839 1331 3899 legiones
1347 3849 1393 3882 soa
1404 3851 1419 3882 a

376 3908 475 3955 varietas
484 3908 562 3963 faerit,
572 3908 626 3969 quid
637 3907 750 3956 attinebat
760 3907 783 3956 id
793 3925 809 3955 a
819 3908 884 3956 Livio
917 3905 1210 3961 conuitmrrttualneds
1219 3903 1352 3968 populodati
1359 3911 1422 3948 suat.

376 3973 472 4020 acted?
504 3971 639 4021 Dodwellus
667 3971 768 4024 Darem
801 3985 829 4022 x.
857 3975 886 4020 de
918 3973 981 4022 Nem
1029 3972 1096 4021 initio
1112 3970 1165 4020 belli
1183 3965 1424 4023 Macedoniensem

377 4033 458 4097 cyclis
474 4035 542 4085 llam.
562 4039 626 4086 Secr.
647 4039 685 4088 19.
704 4049 730 4086 et
747 4053 796 4100 seq.
813 4037 888 4102 auspi-¹
918 4049 971 4086 sate
1000 4052 1045 4085 uac
1056 4051 1125 4096 maro,
1135 4033 1268 4099 perusinum
1279 4033 1354 4079 marat
1369 4043 1426 4102 coq-

377 4103 742 4219 armenas:
758 4103 887 4234 ante
917 4102 1216 4218 nc...
1229 4103 1425 4234 aaran:

378 4243 464 4277 annam
475 4243 609 4296 exemptum
617 4234 698 4292 fuisse,
709 4233 749 4298 qui
762 4234 811 4280 dies
821 4247 885 4282 nunc
918 4235 957 4282 31.
979 4232 1006 4280 ld
1020 4243 1044 4281 st
1054 4233 1142 4280 duobus
1154 4230 1219 4279 umis
1230 4227 1268 4290 qui
1278 4233 1349 4274 secut!
1359 4233 1428 4300 '9¹¹³‘

377 4294 491 4353 redditur,
500 4307 526 4342 ut
537 4297 631 4360 plenam
641 4301 671 4347 sit
681 4301 752 4348 anani
762 4298 823 4347 orbis
832 4313 884 4364 sps·
915 4288 1426 4355 naenucaesemrum,alsiqucaianuos

377 4359 447 4416 tiam,
457 4369 483 4408 et
503 4361 656 4425 interpoaitur
666 4364 728 4413 inter
736 4363 885 4421 Terminalia,
915 4371 1014 4426 quatuor
1023 4362 1157 4424 leglcalbtu,
1168 4361 1197 4408 ds
1209 4359 1291 4423 quibus
1302 4354 1370 4404 modo
1380 4368 1425 4430 eq-

376 4437 402 4473 et
415 4426 530 4475 Kalendas
542 4427 700 4478 lutercslarea.
719 4428 792 4482 'Quia
806 4441 885 4480 autem
915 4419 1427 4494 tumeat,Jussuumpopulusmurparerolurt,

378 4492 400 4539 id
411 4505 458 4542 aaa
467 4505 559 4559 semper
569 4493 692 4552 accidebat,
698 4494 745 4544 imo
752 4493 790 4544 hic
801 4505 885 4560 practer
916 4505 940 4546 st
950 4494 1053 4549 altmar
1064 4492 1166 4546 militnm
1177 4489 1288 4552 tamuda
1303 4500 1390 4538 ereata
