3184 5225
485 364 904 441 emmona-xxm.
1162 381 1227 442 ms

171 518 182 553 ‘
197 516 305 583 Panse
314 522 493 605 conscripti:
509 522 619 587 favisse
626 544 682 585 nos
694 525 769 609 regi,
780 536 814 591 ct
823 524 908 599 illum
919 526 1040 589 vincere
1049 528 1193 599 moluisse
1200 552 1213 609 3
1229 538 1263 588 tt
1273 538 1305 594 c.
1385 536 1396 595 ’.

170 605 183 638 ⁴
197 607 268 671 ideo
280 607 359 671 bello
367 610 591 692 persequendos
601 598 666 671 essi
678 611 816 675 credunt.
848 612 912 676 Alii
927 615 1071 693 vestrssm,
1084 604 1262 684 voluisses*
1272 603 1311 661 c,
1361 616 1388 675 'l

170 692 182 725 ‘
197 693 319 775 quidem
341 715 397 757 nos
412 696 484 773 hoo,
495 716 557 757 non
572 708 675 759 tamen
691 698 731 759 ob
747 698 779 761 id
793 698 875 763 bello
889 701 1113 785 persequendos
1126 723 1212 769 esse:

170 779 182 812 ‘
195 800 296 861 neque
306 783 453 860 moribus,
462 802 559 865 neque
570 783 687 867 legibus
702 784 791 847 ullius
802 785 935 849 civitatis
949 786 992 849 ita
1003 800 1214 873 comparatum

171 864 183 899 ‘
198 888 275 945 esse,
286 879 331 945 ut,
343 868 368 929 si
378 869 445 950 quis
455 869 549 936 vellet
557 869 714 935 inimicum
724 871 831 953 perire,
845 872 889 933 ¹si
898 871 1100 953 nihilleccrit
1111 876 1216 959 quoid

171 952 184 984 ⁶
199 952 262 1031 fist,
274 954 383 1037 capitis
398 955 566 1018 damnetur.
610 952 681 1033 His,
696 958 816 1039 quinos
836 978 937 1039 prena,
951 979 1014 1023 non
1025 960 1162 1039 crimme,
1175 962 1213 1023 li-

174 1038 316 1121 ‘berant
331 1042 461 1123 gratiam
478 1042 599 1125 quidem
617 1043 782 1127 habemus:
808 1044 866 1126 ipsi
880 1044 970 1107 uobis
984 1046 1064 1109 hono
1085 1047 1217 1114 dicimus

174 1125 185 1156 ‘
200 1125 317 1207 legem3
334 1129 359 1191 si
370 1149 476 1193 omnes
487 1129 646 1207 voluimus,
659 1130 740 1211 quod
751 1130 915 1213 arguimur,
929 1151 993 1195 uon
1002 1131 1218 1221 distinguimus

175 1210 186 1244 ‘
200 1212 387 1277 voluntatem
401 1215 527 1291 atarto:
541 1236 648 1277 omnes
656 1216 833 1298 plectamur.
856 1214 892 1281 Si
901 1216 953 1279 ulii
963 1218 1134 1303 principum
1146 1241 1219 1285 nos-

176 1296 186 1329 ‘
201 1310 318 1363 trorum
329 1302 425 1379 vobis,
440 1302 491 1365 alii
503 1302 567 1383 regi
579 1302 716 1365 laverunt
724 1325 734 1379 3
750 1324 812 1365 non
824 1303 957 1385 postulo,
968 1314 1004 1365 ut
1013 1317 1138 1390 propter
1152 1327 1223 1385 nos,

177 1384 188 1416 ‘
203 1386 254 1466 qui
270 1388 402 1468 partium
413 1400 581 1451 vestrarum
594 1388 716 1468 fuimus,
727 1388 806 1471 regis
817 1389 1036 1453 fautorcssalvi
1048 1391 1111 1454 sint
1123 1412 1131 1456 z
1144 1390 1221 1455 illud

177 1470 187 1501 ‘
202 1472 358 1554 deprecor,
373 1495 412 1539 ue
428 1496 483 1538 nos
499 1486 624 1558 propter
635 1476 704 1537 illos
716 1496 886 1559 pereamus.
922 1474 995 1541 Non
1010 1477 1083 1541 estis
1097 1499 1150 1541 vos
1159 1477 1221 1542 illis

175 1554 187 1588 ‘
202 1558 385 1639 infestiores,
400 1582 492 1643 quam
507 1562 612 1625 civitas
621 1562 704 1645 ipsa3
720 1566 778 1625 ’et
788 1562 849 1624 hoc
858 1563 911 1647 qui
922 1563 1070 1643 sciebant,
1084 1563 1160 1648 pleri
1182 1586 1222 1627 uc

177 1642 188 1675 ‘
204 1666 309 1709 eorum
325 1659 379 1713 ant
397 1647 608 1730 profugerunt,
624 1661 677 1711 aut
691 1660 824 1713 mortem
843 1650 901 1715 sibi
916 1650 1136 1716 consciverunt.
1156 1586 1222 1729 dii,
1324 1675 1328 1680 ’

129 1795 134 1803 ,
178 1728 196 1795 ‘.
205 1730 342 1795 damnati
355 1754 374 1795 a
387 1734 487 1815 nobis,
499 1734 531 1799 in
542 1745 695 1818 potestate
706 1748 808 1799 vestra
817 1748 916 1813 erunt,
930 1732 1221 1822 Pstresconscripti.

178 1816 188 1847 ‘
205 1816 306 1893 Ceteri
321 1818 447 1899 Rhodii,
462 1821 542 1883 sicut
552 1822 684 1903 gratiam
694 1822 812 1888 nullam
824 1822 926 1886 meriti
941 1822 1001 1887 hoc
1017 1823 1108 1900 bello,
1125 1824 1222 1894 itane

177 1902 326 1985 ‘poenam
342 1907 465 1987 quidem
485 1928 599 1971 sumus.
631 1906 767 1973 Priorum
793 1924 966 1973 nostrorum
992 1909 1221 1982 bencfactorum

178 1988 342 2053 ‘tumidus
353 1992 603 2076 hoc,quodnunc
614 1994 1121 2081 cessatuminofficioestexpleat.
1141 1994 1221 2065 Cum

177 2074 189 2106 ‘
203 2078 298 2139 tribus
310 2079 429 2161 regibus
442 2081 576 2161 gessistis
587 2081 669 2145 bella
682 2102 735 2163 per
747 2082 804 2143 hos
817 2079 926 2145 annos.
940 2101 981 2145 ue
991 2080 1059 2164 plus
1074 2081 1156 2145 obsit
1163 2102 1220 2146 no·

177 2161 189 2194 ‘
203 2163 260 2243 bis,
270 2166 352 2245 quod
363 2186 426 2227 uno
435 2167 518 2229 bello
529 2168 723 2245 cessavimus,
733 2170 745 2203 ³
755 2188 848 2249 quam
858 2166 1231 2251 quodduobusbcllispro.

178 2247 190 2280 ‘
203 2250 289 2322 vobis
296 2250 717 2336 pugnavimus-*Philippum
726 2252 925 2330 Antiochum,
935 2248 1055 2330 Persea,
1066 2263 1222 2334 tamquam

173 2334 186 2367 ‘
201 2345 263 2399 tres
275 2337 452 2413 sententias,
463 2338 580 2417 ponite.
593 2338 659 2401 duae
669 2358 727 2399 nos
737 2338 912 2405 absolvunt:
925 2338 1176 2417 ⁴uoaduniaest,
1187 2348 1224 2409 ut

174 2420 187 2452 ‘
199 2422 321 2501 gravior
335 2421 385 2483 sit.
408 2426 420 2460 ³
435 2420 483 2483 llli
495 2420 533 2483 de
543 2421 630 2483 nobis
640 2417 1002 2503 sijudicment'demoati
1012 2445 1156 2491 essemus.
1167 2447 1221 2494 vos
1333 2474 1336 2481 -

174 2506 186 2538 ‘
197 2504 348 2589 judicate,
364 2504 468 2572 Patres
484 2507 661 2589 conscripti,
676 2508 716 2575 sit
731 2506 859 2575 Rhodus
873 2510 906 2575 iu
920 2510 1018 2589 terris,
1033 2531 1074 2578 an
1085 2510 1224 2580 funditus

103 2621 105 2626 ⁸
176 2591 352 2656 ‘delectum
385 2590 457 2658 Non
474 2592 555 2660 enim
572 2593 610 2655 de
630 2592 711 2662 bello
727 2593 912 2672 deliberatis,
928 2593 1031 2662 Patres
1046 2596 1231 2681 conscripti,

177 2679 189 2712 ‘
204 2680 289 2761 quod·
302 2679 412 2744 inferre
423 2680 563 2762 potestis,
574 2701 678 2762 gerere
690 2701 753 2742 non
764 2681 913 2765 potentiss
926 2701 1019 2765 quum
1030 2703 1121 2750 nemo
1134 2681 1221 2746 Rho.

178 2763 189 2798 ‘
205 2766 322 2830 diorum
333 2787 419 2833 arms
427 2765 570 2831 adversus
578 2787 631 2828 vos
641 2766 755 2830 laturus
765 2766 815 2832 sit
838 2762 872 2828 Si
882 2768 1111 2848 perseverabitis
1123 2770 1227 2848 inira,

140 2913 144 2925 ,
179 2851 191 2885 ‘
204 2863 325 2935 tempus
341 2874 361 2914 a
374 2851 460 2916 vobis
470 2864 624 2936 petemus,
636 2873 696 2934 quo
708 2853 788 2920 hanc
799 2851 950 2923 funestam
963 2853 1148 2934 legationem
1164 2856 1221 2925 do-

180 2937 191 2971 ‘
206 2958 288 3000 mum
304 2939 489 3000 referamus:
512 2939 616 3004 omnia
631 2939 728 3004 libers
740 2939 852 3022 capita,
869 2938 1014 3020 quidquid
1031 2938 1223 3002 Rhodiorum

181 3024 347 3103 ‘virorum,
362 3025 543 3087 feminarum
561 3035 616 3102 est,
640 3045 709 3086 cum
736 3026 819 3087 omni
844 3026 977 3108 pecunia
1000 3038 1106 3088 nostra
1130 3048 1223 3090 naves

182 3110 468 3190 ‘conscendemus3
494 3133 541 3192 ac,
566 3112 677 3178 relictis
698 3112 860 3194 penatibus
883 3111 1012 3196 publicis
1027 3112 1223 3196 privatisque,

181 3196 192 3228 ‘
207 3195 338 3272 Romam
353 3200 527 3269 veniemus:
544 3207 586 3276 et,
600 3198 684 3263 omni
700 3219 773 3262 suro
783 3209 815 3263 et
829 3208 968 3280 urgento,
982 3197 1129 3279 quidquid
1143 3199 1222 3280 pub-

181 3283 268 3360 ‘1lici,
284 3285 429 3368 quidquid
443 3285 554 3367 privati
566 3297 626 3362 est,
641 3284 672 3344 in
683 3283 822 3358 comitio,
843 3282 875 3343 in
889 3282 1040 3351 vestibulo
1052 3284 1144 3355 sumre
1154 3304 1222 3345 ves-

181 3369 270 3447 ‘trae,
292 3371 457 3452 cumulato,
473 3391 601 3454 corpora
622 3379 728 3434 nostra
749 3367 975 3449 conjugumque
1002 3387 1037 3428 sc
1058 3368 1223 3435 liberorum

178 3454 190 3488 ‘
203 3465 308 3520 vestre
318 3458 464 3540 potestati
480 3457 701 3544 permittemus,
713 3455 763 3524 hic
776 3454 904 3536 passuri,
915 3453 1130 3537 quodcumque
1139 3456 1223 3538 pati-

196 3583 252 3638 'idi
270 3589 329 3647 nihil
337 3588 432 3656 suerit]
467 3589 545 3646 Vetus
565 3591 680 3663 esemplss
698 3585 955 3663 seussionduriorsit,
970 3585 1086 3662 dublum
1125 3587 1150 3634 st
1160 3588 1224 3664 puls,

172 3651 605 3718 hsbuintcsreGronoviomtsr'nili!
613 3655 679 3720 jecs-
712 3655 830 3765 inpurum,
854 3652 951 3728 benigne
976 3649 1006 3698 de
1027 3649 1092 3700 notu
1116 3653 1222 3720 judrssrs

173 3719 210 3766 rit.
242 3719 387 3776 Doleverunr
406 3717 436 3766 τὸ
452 3730 479 3772 ut
501 3722 609 3780 editores,
625 3729 679 3774 tsn-
711 3719 872 3775 velenensis
888 3732 912 3764 m
930 3715 992 3773 bello
1007 3717 1117 3763 sdrersos
1135 3718 1218 3765 l’erses

173 3797 242 3844 quam
270 3800 443 3860 supervacuum·
487 3785 520 3836 At
551 3785 680 3846 Gronovius
712 3800 754 3835 nos
772 3783 846 3846 sliqus
867 3783 892 3839 iu
914 3794 978 3848 psrts
997 3780 1116 3840 socialibus
1136 3783 1240 3844 οίὶἱςὶἱᾳ4

175 3848 246 3898 etism
260 3865 306 3902 ‚scri
335 3849 378 3904 'se
397 3849 583 3912 Liviumcredit,
597 3850 680 3903 utissi
710 3865 756 3897 non
776 3847 876 3897 defuisse
902 3848 1051 3903 existimaret,
1093 3861 1146 3912 ‘uos
1164 3862 1218 3895 nos·

174 3911 288 3976 nitttsm
321 3913 581 3980 .Vid.suprsi.rrxu.
601 3931 623 3970 c.
642 3917 680 3968 11.
710 3926 770 3964 trsns
781 3911 992 3978 Romanisopersm
1011 3910 1077 3961 initio
1102 3911 1220 3978 rrjssbsm

171 3975 396 4034 srl.xxxvr.c.3.
711 3979 807 4044 polliciti
821 3979 941 4032 fuerimus.
973 3975 1019 4028 Sed
1037 3977 1057 4023 sl
1074 3978 1176 4026 severim
1192 3993 1222 4034 sc

207 4037 356 4106 9ΕΗιοσᾳιιί
371 4043 476 4108 seiciunt]
502 4043 569 4104 Legit
586 4043 680 4100 Perito-
712 4046 801 4104 gravius
816 4061 868 4098 rem
887 4041 1081 4100 ostimsreveliu
1098 4043 1159 4090 nihil
1168 4057 1219 4094 sm-

170 4105 313 4232 ltnt
322 4109 492 4238 nomn
524 4190 589 4238 ,n
612 4175 682 4236 ,n
713 4109 1223 4240 ,nst

715 4242 765 4304 ejm
772 4240 899 4292 mareotis:
908 4238 1224 4302 mostrolrstaosquideu,
1240 4296 1244 4304 ,

207 4299 218 4332 ⁴
232 4299 283 4350 Uno
294 4301 361 4354 dulia
371 4312 443 4364 annue
453 4305 543 4369 gravior
550 4301 590 4369 sit]
609 4303 682 4355 Hunc
715 4305 810 4354 seduco
819 4305 941 4356 dsransbir.

172 4363 249 4438 lotum
272 4368 349 4418 mendi
376 4367 451 4436 arguit
474 4369 616 4424 Gronovius:
641 4369 682 4422 sed
747 4368 843 4434 ”tuq
862 4369 987 4436 Philippus,
1003 4369 1224 4433 Antioohmtqss

173 4429 298 4481 immerito.
342 4433 394 4484 Una
426 4437 548 4492 murensis,
574 4434 682 4498 inquiunt
715 4433 787 4490 etism
798 4433 904 4490 Perseus.

173 4491 269 4554 Rhodis
286 4507 313 4544 ut
329 4501 421 4564 μανίαν
437 4500 513 4562 siniti
531 4510 575 4562 est,
592 4499 683 4553 etiamsi

212 4581 289 4630 VOL·
303 4583 350 4632 IV·
756 4587 778 4630 0
