3184 5225
477 374 554 435 LIB.
566 374 664 436 XLII.
683 378 764 436 CAP-
777 378 860 437 XLI.
1151 386 1192 442 69

137 532 150 567 ‘
163 532 196 593 iu
207 540 329 591 sacrato
342 529 411 591 loco
426 538 500 591 ante
512 550 580 591 aras
590 530 855 613 mactatus‚'quem
866 532 1029 611 insimulet,
1042 533 1128 615 piget
1137 554 1185 597 re-
1199 538 1233 588 ὓ·
1240 538 1271 590 C·
1281 538 1341 593 ⁵⁸15

137 618 254 678 ‘ferre
312 616 387 685 Qure
409 615 522 697 hospes
541 614 739 680 Brundisinus
761 619 884 680 occulte
904 618 1040 681 facinora
1059 602 1338 700 indieeufflss·

138 704 150 739 ‘
166 713 285 765 certum
307 702 407 762 babeo
422 713 454 764 et
474 702 585 784 scripta
605 704 661 765 tibi
677 705 782 766 omnis
795 706 834 766 ab
849 704 949 766 Roma
963 726 1039 784 esse,
1054 719 1087 767 et
1100 707 1186 788 lega·

138 790 152 823 ‘
167 798 217 849 tos
233 800 300 849 tuos
315 787 518 849 renunciasse.
571 786 650 851 Haec
668 810 706 851 ne
721 790 893 853 dicerentur
908 812 927 851 a
941 812 1002 869 me,
1017 810 1079 854 uno
1093 794 1186 854 modo

138 874 262 935 ‘vitare
278 874 417 955 potuisti,
438 893 500 934 non
518 875 690 953 querendo,
705 894 797 955 quam
820 877 861 938 ob
877 896 1016 940 caussam
1037 879 1186 940 exercitus

140 960 151 993 ‘
167 960 200 1021 in
215 956 433 1021 Macedoniam
453 956 675 1039 trajicerentur,
690 971 742 1021 aut
758 961 900 1042 presidia
920 963 953 1023 in
967 963 1120 1025 sociorum
1134 984 1187 1025 ur-

142 1046 219 1107 ‘bea
233 1046 433 1106 mitteremus.
469 1043 623 1114 Querenti
635 1046 690 1106 tibi
705 1046 863 1127 superbius
874 1048 1084 1126 tacuissemus,
1094 1068 1187 1129 quam

141 1130 238 1191 ‘vera
251 1130 472 1213 respondimus.
512 1129 661 1212 Equidem
673 1152 728 1212 pro
738 1143 867 1212 paterno
877 1143 982 1193 nostro
994 1133 1128 1213 bospitio
1140 1134 1187 1195 fe·
1219 1197 1226 1215 ¹

141 1218 222 1277 ‘reo
243 1217 374 1278 orationi
399 1228 468 1293 ture,
492 1226 524 1277 et
540 1226 624 1297 opto,
639 1226 675 1277 ut
690 1216 822 1297 aliquam
842 1217 918 1276 mibi
934 1218 1093 1278 materiam
1108 1238 1187 1298 pre-

141 1302 154 1336 ‘
167 1303 240 1363 beas
256 1300 383 1383 agendae
397 1313 456 1363 tuae
470 1300 552 1382 apud
566 1312 705 1363 senatum
720 1299 855 1363 caussa?

185 1386 268 1449 XLI.
293 1388 345 1449 Ad
355 1408 393 1449 ea
406 1409 475 1449 rex:
495 1388 506 1422 ‘
519 1386 642 1477 Bonam
655 1406 803 1465 caussam,
818 1386 845 1447 si
859 1389 939 1470 apud
951 1386 1071 1470 judices
1085 1412 1186 1474 requos
1199 1406 1298 1459 Persem
1306 1422 1338 1461 re·

141 1474 153 1509 ‘
170 1486 319 1554 ageretur,
332 1475 415 1556 apud
427 1474 550 1536 eosdem
562 1486 595 1534 et
609 1485 801 1535 accusatores
815 1484 848 1535 et
858 1472 978 1553 judices
989 1496 1091 1557 agam.
1113 1477 1187 1540 Bo·
1197 1484 1288 1540 ΡΨ·

143 1560 238 1621 ‘rum
255 1572 368 1638 autem,
386 1580 452 1641 quae
468 1559 592 1641 objecta
605 1571 675 1620 sunt
695 1558 782 1636 mihi,
801 1559 912 1640 partim
927 1578 966 1621 ea
983 1573 1064 1640 sunt,
1080 1565 1188 1644 quibus

144 1646 272 1707 ‘nescio
294 1667 333 1707 an
354 1646 476 1727 gloriari
491 1646 617 1707 debeam
625 1667 635 1722 3
661 1645 784 1729 partim,
800 1664 865 1725 quar
881 1645 971 1707 fateri
989 1668 1052 1729 non
1066 1650 1189 1711 erubes-

142 1732 253 1809 ‘cam;
269 1733 392 1813 partim,
402 1751 467 1813 quae
476 1732 567 1793 verbo
575 1730 795 1812 objectaverbo
804 1751 916 1812 negare
925 1731 976 1793 sit.
1006 1732 1188 1814 Quidenim,

143 1818 192 1877 ‘si
209 1818 326 1901 legibus
341 1819 448 1880 vestris
462 1817 554 1878 hodie
569 1838 636 1879 reus
651 1817 719 1895 sim,
734 1828 789 1879 aut
802 1816 896 1877 iudex
910 1814 1119 1897 Bnrndisinus,
1135 1832 1189 1884 aut

143 1904 154 1938 ‘
166 1902 319 1966 Eumenes
330 1904 406 1965 mihi
416 1900 553 1984 objiciat,
561 1914 596 1964 ut
608 1924 748 1965 accusare
758 1903 858 1984 potius
866 1923 1044 1985 vere,quam
1053 1907 1188 1968 convici·

142 1991 153 2024 ‘
167 1990 223 2068 ari,
231 1990 407 2052 videantur?
436 1986 570 2066 Scilicet,
581 2008 638 2049 nec
649 1986 810 2066 Eumenes,
819 2010 911 2071 quum
922 2000 987 2050 taur
996 1991 1099 2053 multis
1117 2012 1188 2073 gra-

143 2076 213 2136 ‘vis
227 2076 349 2159 publice
371 2097 406 2137 ac
421 2076 561 2158 privatim
584 2075 635 2152 sit,
650 2075 754 2153 alium,
769 2095 860 2154 quam
880 2096 941 2153 me,
959 2075 1116 2139 inimicum
1131 2078 1188 2137 ba,

143 2162 154 2195 ‘
170 2162 251 2223 buit:
276 2182 375 2241 neque
390 2162 449 2243 ego
464 2160 616 2243 potiorem
631 2180 814 2242 quemquern
832 2161 871 2221 sd
886 2160 1055 2222 ministeria
1069 2162 1188 2223 facino-

143 2247 154 2283 ‘
169 2268 248 2325 rum,
260 2268 351 2328 quarn
362 2245 547 2324 Rammium,
562 2246 666 2327 (quem
680 2266 777 2327 neque
792 2266 937 2326 umquam
953 2257 1026 2308 ante
1039 2246 1188 2326 videram,

144 2335 154 2366 ‘
171 2352 229 2395 nec
250 2354 331 2393 eram
348 2344 453 2415 postea
469 2332 597 2411 visurus)
618 2332 751 2393 invenire
767 2332 865 2413 potui.
908 2329 950 2391 Et
961 2329 1188 2411 thebanorum,

146 2418 158 2452 ‘
174 2438 251 2498 quos
272 2420 427 2499 naufragio
442 2420 554 2501 perisse
569 2429 701 2495 constat,
717 2428 750 2479 et
763 2416 899 2478 Artetari
915 2416 1005 2477 cedis
1025 2417 1102 2477 milri
1117 2418 1187 2479 red-

146 2504 157 2537 ‘
174 2504 278 2567 denda
292 2505 370 2566 ratio
384 2518 437 2566 ert.
453 2506 483 2566 in
495 2524 556 2585 qua
567 2516 670 2567 tamen
685 2502 761 2563 nihil
773 2503 855 2562 ultra
868 2499 1021 2581 objicitur,
1032 2522 1123 2582 quem
1138 2504 1187 2563 in-

146 2589 157 2624 ‘
172 2590 350 2653 terfectores
365 2588 428 2672 ejus
443 2591 474 2653 in
489 2612 582 2673 regno
597 2589 748 2652 exsulasse
763 2608 845 2650 meo.
893 2586 989 2669 Cujus
1003 2588 1187 2652 conditionis

143 2676 155 2710 ‘
169 2677 359 2760 iniquitatem
376 2677 420 2738 its
434 2698 495 2739 non
511 2697 577 2738 sum
590 2687 790 2753 recusaturus,
802 2674 828 2734 si
838 2695 892 2736 vos
902 2693 1022 2754 quoque
1036 2675 1187 2757 accipitis,

144 2763 154 2796 ‘
168 2773 213 2840 ut,
224 2763 409 2844 quicumque
423 2763 546 2825 exsules·
557 2764 589 2823 in
601 2762 721 2824 ltaliam
733 2773 786 2822 aut
797 2759 927 2821 Romam
939 2780 972 2820 se
983 2759 1189 2838 contulerunt,

143 2845 154 2879 ‘
168 2849 214 2910 bis
226 2848 409 2926 facinorum,
420 2859 544 2932 propter
555 2869 620 2931 qure
631 2847 767 2910 damnati
784 2856 865 2922 sunt,
876 2857 1015 2907 auctores
1027 2867 1082 2908 vos
1095 2846 1188 2908 fuisse

143 2934 337 2996 ‘fateamini
382 2931 415 2996 Si
432 2936 491 2996 hoc
507 2945 537 2996 et
551 2954 604 2995 vos
619 2933 805 3009 recusabitis,
818 2942 850 2993 et
868 2952 974 2992 omnes
988 2932 1054 2992 sliae
1067 2943 1187 3012 gentes,

144 3019 154 3054 ‘
167 3041 225 3102 ego
236 3021 358 3102 quoque
372 3019 452 3082 inter
464 3032 582 3082 ceteros
593 3041 655 3082 ero.
692 3017 743 3096 Et,
754 3017 895 3094 Hercule,
907 3017 981 3099 quid
992 3017 1111 3078 adtinet
1120 3017 1187 3079 cui·

144 3105 260 3187 ‘quam
275 3107 416 3168 exsilium
437 3119 553 3189 patere,
568 3106 593 3166 si
608 3125 755 3186 nusquam
770 3103 866 3166 exsuli
882 3103 999 3164 futurus
1016 3102 1102 3164 locus
1116 3102 1184 3164 est?

146 3190 157 3222 ‘
172 3189 238 3272 Ego
252 3203 354 3254 temen
370 3194 457 3270 istos,
472 3207 506 3254 ut
521 3192 651 3276 primunr
670 3193 702 3251 in
718 3189 905 3252 lllscedonia
919 3209 996 3264 esse,
1011 3189 1186 3250 admonitus

146 3276 158 3308 ‘
173 3277 297 3355 euobis,
308 3279 453 3360 comperi,
465 3278 622 3359 requisitos
634 3277 717 3338 abire
732 3295 771 3336 ex
787 3295 881 3355 regno
892 3273 980 3355 jussi,
989 3284 1022 3334 et
1033 3274 1063 3333 in
1075 3291 1185 3354 perpe·

146 3361 159 3395 ‘
172 3376 259 3425 tuum
272 3364 412 3426 interdixi
424 3365 534 3425 finibus
549 3364 634 3425 meis.
667 3361 708 3422 Et
720 3362 783 3421 brec
794 3359 917 3439 quidem
931 3357 1018 3434 mihi,
1027 3368 1186 3436 tamquam

145 3448 308 3511 ‘caucam
329 3451 442 3512 dicenti
464 3471 527 3526 reo,
545 3447 668 3530 objecta
686 3457 772 3508 sunt:
800 3444 863 3521 illa,
882 3454 1037 3524 tamquam
1058 3443 1133 3524 regi,
1153 3453 1186 3503 et

144 3535 233 3616 ‘quae
249 3536 288 3596 de
299 3535 426 3613 foedere,
437 3536 519 3617 quod
532 3535 607 3596 mihi
623 3546 670 3596 est
683 3532 851 3608 vobiscum,
860 3528 1113 3611 disceptationem
1129 3529 1185 3588 ba·

142 3619 153 3652 ‘
168 3623 273 3683 beant.
316 3620 409 3698 Nam,
421 3623 447 3682 si
462 3632 509 3682 est
523 3622 554 3681 in
566 3619 740 3695 foedereita
750 3617 908 3698 scriptum,
919 3626 955 3675 ut
968 3635 1018 3690 ne,
1032 3615 1058 3674 si
1071 3614 1186 3680 bellum

141 3705 291 3788 ‘quidem
304 3709 372 3788 quis
387 3708 509 3785 inferat,
520 3706 597 3770 tueri
612 3725 661 3767 me
675 3721 862 3785 regnumque
877 3719 978 3762 meum
993 3699 1096 3774 liceat,
1107 3698 1183 3759 milri

142 3792 153 3825 ‘
166 3793 326 3855 fatendum
336 3805 393 3870 est,
403 3793 485 3874 quod
495 3813 544 3854 me
556 3792 647 3852 armis
657 3785 994 3869 adversusAbrupolinr,
1002 3784 1117 3844 socium
1127 3803 1185 3864 po-

141 3877 152 3910 ‘
168 3879 234 3962 puli
250 3877 392 3956 Romani,
408 3877 604 3953 defenderim,
620 3877 719 3937 foedus
733 3874 879 3935 violatum
894 3893 972 3934 esse.
1012 3867 1068 3928 Sin
1083 3878 1184 3928 autem

144 3962 155 3994 ‘
171 3963 231 4024 hoc
247 3977 279 4024 et
294 3983 332 4024 ex
344 3963 455 4026 foedere
467 3964 564 4041 licuit,
579 3973 612 4024 et
620 3961 689 4044 jure
700 3960 838 4041 gentium
848 3960 894 4020 ita
904 3965 1112 4037 comparatum
1127 3964 1186 4030 ert,

143 4047 155 4079 ‘
171 4062 207 4110 ut
222 4069 307 4110 arma
324 4051 414 4112 armis
430 4050 651 4133 propulsentur,
666 4047 739 4127 quid
754 4046 877 4107 tandem
893 4063 942 4104 me
958 4041 1056 4101 facere
1071 4039 1185 4118 decuit,

142 4134 153 4166 ‘
167 4155 261 4217 quum
269 4136 433 4219 Abrupolis
443 4135 516 4198 lines
527 4136 587 4196 mei
598 4134 683 4214 regni
693 4152 787 4212 usque
799 4131 839 4192 ad
847 4125 1056 4209 Amphipolim
1063 4145 1185 4208 pervas-

141 4221 152 4254 ‘
167 4233 273 4300 tasset,
285 4223 385 4284 multa
396 4223 492 4284 libera
503 4221 616 4302 capita,
627 4238 769 4299 magnam
781 4217 839 4276 vim
851 4212 1081 4294 mancipiorum,
1090 4210 1187 4271 multa

143 4306 153 4338 ‘
169 4308 416 4390 milliapecorum
429 4305 596 4388 abegisset?
625 4304 820 4374 Quiescercm
831 4311 864 4360 et
873 4309 1002 4380 paterer,
1012 4294 1185 4358 donecP'el·

143 4393 154 4424 ‘
169 4393 229 4455 lem
244 4405 276 4456 et
291 4395 323 4456 in
339 4395 455 4476 regiam
470 4414 570 4454 meam
582 4401 716 4453 armatus
725 4383 926 4470 pervenisset?
957 4383 1001 4444 At
1012 4383 1094 4444 enim
1104 4380 1186 4441 bello

145 4477 293 4560 ‘quidem
304 4480 391 4562 justo
414 4500 481 4541 sum
497 4488 668 4561 persecutus
674 4497 684 4553 3
707 4474 760 4535 sed
774 4471 854 4534 vinci
871 4489 932 4531 uon
954 4467 1090 4551 oportuit
1104 4484 1186 4540 eum,

170 4586 268 4648 neque
278 4589 327 4647 ea,
336 4587 402 4648 quae
411 4566 499 4628 victis
510 4564 663 4640 accidunt,
673 4561 752 4644 pati:
769 4576 897 4639 quorum
909 4575 1013 4617 casum
1024 4571 1115 4634 quum
1127 4569 1186 4630 ego
