3184 5225
427 392 505 452 ΗΒ.
526 390 637 452 xuv.
657 391 939 453 caarxxxvm.
981 441 984 454 .
1131 394 1210 457 'las

154 547 167 581 ‘
182 564 280 629 usque
292 545 332 608 ad
344 556 483 628 quartam
492 548 599 609 horam
610 547 710 609 noctis
721 548 827 609 lunam
839 546 1029 610 defecturam·
1037 570 1114 612 esse.
1158 548 1207 631 Id,
1221 553 1295 609 mc·
1305 558 1364 675 lq&

154 634 168 667 ‘
182 634 257 716 quia
271 633 402 695 naturali
412 633 519 695 ordine
530 634 617 695 statis
628 635 816 717 temporibus
824 633 890 711 fiat,
896 641 930 696 et
939 634 1008 695 sciri
1014 648 1085 698 ante
1093 648 1204 719 etprae·
1221 622 1254 673 A.
1265 621 1320 673 ω

157 719 171 753 ‘
187 720 249 782 dici
259 740 360 803 posse.
376 717 483 801 Itaque
498 719 767 801 quemadmodum,
784 723 811 759 ¹⁰
821 721 893 802 quia
903 722 979 782 certi
988 722 1061 783 solis
1072 723 1209 805 lunaque

158 807 173 841 ‘
187 817 222 869 et
240 816 324 867 ortus
339 819 372 868 et
387 826 512 868 occasus
527 806 598 883 sint,
608 826 689 867 nunc
701 807 793 889 pleno
802 808 886 885 orbe,
902 810 927 847 ¹¹
937 826 1019 868 nunc
1030 821 1209 873 senescente

157 893 171 926 ‘
186 893 301 975 exiguo
317 912 410 954 comu
426 892 541 975 fulgere
550 892 654 953 lunam
664 914 726 954 non
737 895 918 954 mirarentur
924 915 935 971 3
951 893 1044 955 itane
1055 895 1209 957 obscurari

158 978 323 1061 (quidem,
338 1000 431 1060 quum
447 978 596 1041 condatur
610 980 717 1041 umbra
732 988 829 1057 terra,
851 979 1020 1042 traherein
1035 981 1209 1063 prodigium

144 1066 168 1107 ·‘
184 1064 319 1128 debere!
351 1069 377 1103 ¹¹
390 1064 502 1142 Nocte,
517 1086 608 1147 quam
625 1066 722 1148 pridie
737 1064 844 1127 Nonas
859 1062 1057 1149 Septembres
1072 1068 1210 1131 insecuta

159 1162 209 1214 est
225 1151 302 1229 dies,
317 1152 402 1213 edita
415 1152 490 1213 hora
505 1151 577 1213 luna
594 1172 686 1232 quum
710 1151 882 1230 defecisset,
897 1150 1046 1214 Romanis
1062 1154 1210 1217 militibus

157 1234 243 1300 Galli
256 1238 407 1320 sapientia
418 1258 514 1321 prope
523 1238 626 1299 divina
636 1238 749 1301 videri:
773 1236 976 1315 Macedonas,
991 1250 1026 1300 ut
1036 1240 1125 1301 triste
1135 1262 1208 1322 pro-

148 1323 438 1407 ‘digium,uccan1m
448 1325 533 1405 regni
543 1324 770 1407 perniciemque
778 1325 878 1406 gentis
889 1326 1085 1407 portendens,
1095 1327 1207 1388 nrovit:

156 1432 217 1473 nec
235 1410 324 1472 aliter
336 1426 434 1473 vates.
458 1412 575 1472 clamor
600 1410 790 1493 ululatusque
813 1411 845 1472 in
865 1412 973 1472 castris
998 1409 1207 1475 Macedonum
1258 1414 1263 1425 '

157 1496 230 1575 fuit,
249 1497 347 1559 donec
363 1498 435 1559 luna
449 1498 480 1559 in
496 1518 583 1558 suam
598 1497 695 1558 lucem
712 1497 845 1560 emersit.
869 1500 896 1536 ¹⁸
907 1496 1032 1559 Postero
1044 1498 1094 1559 die
1103 1509 1206 1560 tantus

156 1585 283 1665 utrique
298 1583 388 1646 ardor
402 1584 549 1646 exercitui
565 1584 604 1645 ad
620 1584 859 1646 concurrendum
870 1584 1025 1663 fuerat,ut
1036 1596 1092 1646 ete
1103 1605 1207 1667 regem

157 1680 190 1732 et
218 1671 376 1732 consulem
402 1692 525 1732 suorum
548 1670 683 1751 quidam,
713 1670 795 1752 quod
821 1670 887 1731 sine
913 1670 1021 1753 proelio
1039 1670 1206 1733 discessum

157 1768 254 1833 esset,
269 1768 457 1819 accusarent.
496 1756 580 1839 'Regi
596 1768 718 1839 promta
730 1756 867 1818 defensio
880 1768 956 1834 erat,
969 1778 1033 1819 non
1044 1779 1082 1819 eo
1097 1758 1207 1836 solum,

157 1843 248 1923 quod
262 1843 360 1906 hostis
375 1844 468 1926 prior,
481 1854 585 1926 aperte
595 1863 728 1925 pugnam
741 1843 925 1921 detrectans,
940 1843 972 1903 in
987 1854 1087 1905 castra
1100 1844 1226 1926 copia‘s.¹

153 1928 353 2008 reduxisset3
377 1930 430 1991 sed
447 1930 552 2007 etiam,
568 1930 650 2011 quod
666 1950 702 1991 eo
718 1930 787 1991 loco
808 1929 898 2011 signa
912 1930 1129 2007 constituisset,
1143 1950 1206 2010 quo

153 2014 307 2097 phalanx,
323 2036 413 2098 quam
428 2016 567 2078 inutilem
581 2016 630 2077 vel
645 2015 807 2077 mediocris
822 2016 967 2095 iniquitas
982 2015 1042 2077 loci
1062 2017 1207 2092 efficeret,

152 2102 331 2183 promoveri
344 2123 407 2164 non
422 2114 534 2185 posset.
571 2100 685 2163 Consul
712 2103 738 2140 ¹⁴
750 2102 790 2162 ad
809 2101 853 2179 id,
872 2102 955 2181 quod
969 2101 1068 2183 pridie
1082 2112 1208 2182 preter-

151 2188 278 2249 misisse
307 2189 463 2271 pugnandi
491 2188 683 2250 occasionem
712 2187 883 2263 videbatur,
909 2187 1066 2248 stlocum
1089 2186 1209 2248 dedisse

150 2274 254 2351 hosti,
281 2274 306 2335 si
330 2284 421 2335 nocte
442 2274 524 2335 abire
538 2274 640 2352 vellet,
665 2286 738 2335 tunc
754 2294 875 2357 quoque
889 2293 946 2355 per
959 2273 1091 2356 speciem
1107 2273 1207 2335 inmo-

154 2360 244 2421 landi
261 2370 360 2421 terere
374 2358 535 2421 videbatur
550 2371 683 2442 tempus,
699 2380 790 2441 quum
807 2361 875 2421 luce
887 2359 987 2441 prima
1000 2360 1121 2441 signum
1135 2380 1207 2441 pro-

154 2448 299 2527 positum
329 2465 440 2529 pugnae
470 2446 508 2507 ad
539 2445 711 2507 exeundum
741 2448 773 2507 in
804 2445 901 2507 aciem
931 2445 1048 2507 suisset.
1100 2443 1209 2506 Tertia

154 2533 288 2595 demum
304 2532 390 2610 hora,
406 2531 554 2593 sacrificio
568 2532 625 2593 rite
639 2532 882 2616 perpetrato,·ad
897 2531 1057 2592 consilium
1070 2532 1191 2593 vocavit
1195 2554 1206 2608 3

155 2631 253 2701 atque
269 2619 322 2696 ibi,
337 2619 420 2701 quod
436 2619 478 2680 rei
493 2618 633 2700 gereudae
647 2632 766 2702 tempus
781 2630 873 2697 esset,
889 2618 1044 2699 loquendo
1053 2631 1085 2680 et
1094 2618 1207 2679 intem·

156 2705 281 2788 pestive·
290 2704 495 2767 consultando
507 2704 668 2766 videbatur
681 2706 862 2787 quibusdam
878 2705 1049 2768 extrahere.
1063 2715 1134 2787 post
1142 2724 1206 2764 ser-

156 2811 267 2853 mones
284 2803 387 2852 tamcn
403 2790 509 2852 consul
525 2792 693 2853 orationem
710 2792 829 2853 habuit.
849 2797 854 2800 ’

198 2874 384 2938 XXXVIII.
402 2875 462 2938 ‘P.
476 2875 601 2956 Nasica,
624 2879 762 2960 egregius
788 2879 976 2956 adolescens,
1000 2899 1040 2940 ex
1065 2877 1207 2940 omnibus

160 2963 276 3043 ‘unus‚
291 2964 399 3048 quibus
420 2963 564 3025 hesterno
585 2964 635 3025 die
658 2965 786 3046 pugnari
810 2965 936 3048 placuit,
951 2964 1117 3026 denudavit
1131 2964 1207 3026 mihi
1220 2968 1311 3046 mallii
1321 2985 1376 3021 ora·

160 3049 171 3084 ‘
185 3069 274 3112 suum
289 3049 471 3111 consilium:
487 3049 569 3112 idem
585 3061 703 3133 postea,
713 3051 758 3112 ita
769 3062 804 3112 ut
818 3050 963 3113 transisse
977 3052 1009 3111 in
1025 3052 1208 3114 sententiam
1220 3035 1358 3150 mm*

162 3134 174 3169 ‘
188 3155 288 3197 meam
295 3136 391 3198 videri
400 3147 515 3220 posset,
521 3137 625 3198 tacuit.
639 3136 831 3208 Quibusdam
840 3137 906 3199 aliis
912 3138 1071 3198 absentem
1082 3157 1208 3219 carpere
1222 3116 1255 3149 ”⁸
1281 3118 1289 3148 ¹

162 3219 410 3304 ‘imperatorem
427 3243 518 3304 quam
527 3233 707 3306 presentem
716 3244 850 3300 monere,
861 3223 970 3284 melius
978 3223 1076 3284 visum
1086 3233 1144 3283 est.
1167 3221 1209 3284 Et
1237 3246 1240 3250 ·

162 3305 174 3338 ‘
189 3306 257 3385 tibi,
267 3304 300 3370 P.
311 3305 431 3387 Nasica,
443 3320 476 3371 et
487 3311 670 3391 quicumque
681 3310 775 3386 idem,
787 3309 869 3389 quod
884 3321 928 3386 tu,
941 3309 1092 3370 occultius
1103 3328 1208 3370 sense·

592 3471 605 3506 1
615 3472 637 3512 at
646 3464 694 3514 del.
706 3463 781 3514 ΘΜ.

193 3611 385 3668 ¹⁰⁸Qe’acna’
401 3613 457 3662 Sola
472 3610 615 3674 mque
630 3627 667 3659 os
697 3611 1045 3672 mammam&
1060 3626 1127 3672 m
1157 3611 1209 3662 n..

154 3676 666 3806 Ιὀξῖιξιοιιωωιἰιὲειυῗυηῐί1ειιιιὶΗίἱῦεμζιῗὶιιᾘῗ
698 3692 754 3776 ψη
767 3739 837 3788 Nunc
853 3675 1210 3803 mndlmxmnd‘lic

154 3816 207 3855 nan
237 3809 294 3858 Nou
316 3808 380 3858 caim
402 3809 455 3858 ideo
482 3808 570 3856 seriam
595 3809 667 3856 Lunae
698 3804 1111 3856 rebellostGrooosiomaten.

160 3872 320 3937 Μῳίι
341 3877 437 3939 elucet
454 3873 513 3922 Solis
534 3874 593 3922 certi
613 3884 667 3922 arnt
734 3869 1035 3933 ¹⁸⁸Nocteqmrpn'dia
1053 3867 1131 3918 Nm
1155 3870 1209 3934 &p-

161 3947 225 3984 onus
239 3951 264 3987 ct
281 3954 381 3988 oeneus.
413 3939 501 3988 Melius
517 3937 569 3986 hacc
584 3939 668 4002 reiice·
700 3934 799 3998 tandm]
833 3935 883 3983 HIc
895 3936 969 3984 banse
986 3933 1102 3990 defectu,
1115 3949 1145 3983 ex
1160 3938 1208 3984 Aa·

162 4011 242 4050 rentur
258 4004 283 4052 in
302 4006 423 4062 anteriora,
440 4016 467 4053 ut
484 4003 516 4053 sic
535 4005 668 4068 procederet
700 4013 859 4052 modernorum
869 4001 1007 4060 ratioaibru,
1022 3999 1102 4048 incidit
1112 3999 1136 4047 ia
1146 3999 1208 4049 diem

164 4062 224 4114 ⁰¹15
249 4071 424 4132 argumentatio.
467 4069 667 4118 Quemadmodum
701 4069 740 4117 21.
760 4067 825 4114 lunii
843 4067 938 4117 Iuliani.
971 4066 1053 4128 Atque
1069 4065 1092 4111 id
1109 4067 1209 4128 perbene

162 4127 234 4180 Im
246 4135 352 4199 Solisque
372 4147 437 4184 ortus
452 4147 478 4184 et
493 4149 593 4192 occasus,
614 4137 668 4197 qnia
700 4133 806 4196 meruit
823 4148 877 4182 cum
895 4131 1012 4180 Baktitidi
1027 4141 1143 4195 tempore,
1159 4144 1209 4181 tes·
1286 4129 1297 4136 ”

162 4209 216 4246 sunt
232 4201 299 4259 ceni,
312 4213 338 4249 et
348 4201 404 4250 sciti
414 4212 468 4250 ente
479 4199 604 4261 amedei
615 4217 665 4264 pes.
699 4210 748 4247 tato
764 4214 831 4262 supra
848 4216 862 4245 ι
873 4197 946 4246 Livio.
971 4195 1047 4251 lvid.
1064 4208 1115 4244 not.
1125 4201 1169 4277 pu.
1179 4198 1208 4247 sd

162 4273 223 4320 wit,
237 4265 271 4314 ita
283 4278 308 4315 et
323 4267 428 4316 delecttu
447 4267 527 4323 lama,
537 4267 575 4330 qui
585 4266 666 4326 itidem
698 4279 719 4313 c.
730 4265 771 4313 30.
782 4280 858 4327 supra.

163 4330 257 4402 ψιίἰ
265 4333 347 4380 adina
365 4331 431 4382 stata
445 4331 587 4395 tenporibus
599 4331 665 4381 fiunt.
732 4327 752 4362 ¹³
765 4330 780 4360 ⁸
792 4328 881 4378 Postero
889 4327 937 4393 dia]
952 4325 1024 4376 aas
1032 4325 1085 4376 hes
1094 4327 1165 4378 verba
1178 4327 1208 4376 ad

158 4387 189 4436 ¹8¹
212 4398 340 4460 scalatum
361 4409 440 4447 nostm
455 4397 517 4446 boos
536 4409 581 4454 set,
602 4409 665 4447 totus
697 4393 794 4444 verbum
804 4402 941 4443 manat.

159 4451 224 4506 latus
242 4461 384 4513 nissimi
400 4464 503 4530 poma„
521 4461 664 4526 Iamiam-
733 4459 801 4506 uad
818 4461 844 4506 id
862 4457 930 4522 quod]
962 4457 1117 4522 Praeque
1137 4458 1207 4520 qud.

162 4525 230 4572 Mi
249 4530 323 4578 adan
342 4530 404 4576 aare
424 4527 622 4591 immistas.
637 4537 665 4576 or
696 4525 1083 4577 stemmati-trimestris.
1095 4525 1164 4573 aaa.

161 4588 214 4636 ara
230 4589 282 4646 εστι
295 4591 408 4660 lampa
427 4603 449 4646 er
466 4602 527 4644 mm
542 4601 563 4643 n
579 4608 665 4643 aaron
1193 4624 1197 4630 .

1260 4308 1275 4337 ἱ
