3184 5225
450 346 527 407 LIB.
548 346 644 409 XLII.
665 350 748 409 CAP.
769 350 877 411 XLVI.
1145 360 1186 418 ts

24 500 27 517 '
135 504 255 590 experti
271 514 384 581 essent,
400 522 505 584 regum
521 504 720 567 fovendorum
735 528 801 590 spe,
817 506 991 569 Romanam
1001 509 1183 571 societatem
1196 517 1230 566 U·
1240 514 1270 566 c.
1282 514 1338 566 ast.

140 594 247 672 (unam
263 602 329 653 tum
345 590 376 651 in
390 590 480 667 terris
495 590 542 651 vel
557 592 678 669 viribus,
693 592 740 653 vel
754 592 815 655 fide
828 594 981 674 stabilem)
1006 595 1183 658 retinerent.
1197 585 1228 634 A·
1238 583 1268 632 ⁰·
1281 580 1336 630 ¹⁷¹·

138 680 149 713 ‘
166 678 287 741 Bellum
299 677 446 740 inminere
458 696 528 737 cum
543 675 672 739 Perseo:
697 678 919 742 desideraturos
933 678 1087 743 Romanos
1099 704 1185 744 eum·

140 765 151 798 ‘
167 765 239 827 dem
256 763 392 825 navalem
408 763 600 844 adparatum,
617 784 706 844 quem
721 784 818 847 nuper
831 765 988 845 Antiochi,
1010 788 1099 848 quem
1114 768 1186 830 Phi-

139 850 151 883 ‘
167 850 242 933 lippi
259 860 330 910 ante
345 848 425 911 bello
440 848 593 910 vidissent.
615 850 818 931 trepidaturos
834 862 898 913 tum
914 865 1038 934 repente
1052 856 1188 937 paranda

139 936 276 1013 ‘classe‚
304 954 397 1015 quum
421 934 572 997 mittenda
596 946 697 1011 esset3
728 936 787 995 nisi
803 936 925 999 reficere
940 958 1041 1018 naves,
1066 941 1126 1002 nisi
1140 942 1189 1003 in·

143 1022 284 1085 ‘struere
310 1022 465 1083 navalibus
488 1020 579 1081 sociis
603 1020 775 1102 coepissent.
820 1020 856 1083 ld
880 1044 917 1084 eo
930 1025 1029 1106 magis
1044 1028 1127 1088 enise
1143 1028 1189 1088 fa·

145 1108 313 1169 ‘ciendum
341 1128 417 1185 esse,
440 1119 475 1170 ut
501 1107 629 1167 crimina
654 1107 756 1172 delata
781 1108 820 1168 ab
845 1106 982 1170 Eumene
1006 1110 1067 1172 tide
1090 1133 1190 1174 rerum

145 1191 364 1255 ‘refellerent’
407 1191 467 1255 His
481 1192 609 1270 incitati,
632 1192 833 1275 quadraginta
852 1194 973 1255 navium
998 1197 1203 1287 classemsins

147 1290 295 1341 structam
311 1289 508 1359 ornatamque
524 1278 633 1360 legatis
649 1277 793 1341 Romanis
810 1275 1060 1358 advenientibus,
1070 1280 1105 1343 ut
1129 1302 1191 1344 non

147 1376 356 1449 exspectatam
373 1366 618 1427 adhortationem
634 1386 698 1427 esse
714 1365 885 1447 adpareret,
899 1368 1106 1428 ostenderunt.
1149 1366 1192 1428 Et

145 1452 211 1513 haec
225 1452 338 1531 legatio
354 1472 499 1531 magnum
514 1451 554 1512 ad
569 1451 775 1512 conciliandos
796 1452 914 1511 animos
929 1452 1097 1513 civitatium
1112 1452 1192 1513 Asiae
1236 1459 1238 1462 ’

147 1548 337 1599 momentum
351 1536 418 1597 fuit
462 1536 618 1597 Decimius
633 1557 709 1599 unus
725 1538 789 1597 sine
805 1535 868 1596 ullo
888 1536 1009 1615 effectu,
1032 1549 1191 1619 captarum
1248 1612 1252 1619 ³

149 1623 242 1685 etiam
258 1620 452 1703 pecuniarum
468 1622 506 1681 ab
529 1622 648 1699 regibus
672 1621 841 1701 lllyriomm
862 1621 1033 1703 suspicione
1058 1622 1191 1701 infamis,

151 1706 400 1771 Romam'rediit.

190 1790 306 1854 XLVI.
330 1792 465 1868 Perseus,
486 1812 578 1873 quum
602 1791 797 1873 acouloquio
813 1792 1021 1858 Romanorum
1036 1796 1068 1856 in
1083 1794 1191 1858 Mace·
1204 1800 1303 1847 Penus
1313 1800 1349 1847 le·

149 1880 273 1941 doniam
298 1879 461 1961 recepisset
483 1898 559 1956 sese,
583 1878 700 1959 legatos
725 1877 855 1939 Romam
882 1880 920 1941 de
945 1882 1096 1943 inchoatis
1122 1904 1192 1944 cum
1203 1864 1325 1941 ΜΒΓ

149 1964 270 2027 Marcio
285 1965 510 2027 conditionibus
526 1964 610 2046 pacis
625 1965 729 2026 misit:
752 1968 779 2011 ⁴⁷
791 1977 823 2028 et
847 1964 1028 2049 Byzantium
1049 1980 1082 2030 et
1105 1968 1193 2030 Rho·
1204 1939 1343 2041 phamas

151 2052 222 2113 dum
237 2052 342 2113 literas
356 2051 464 2132 legatis
478 2050 618 2112 ferendas
634 2051 728 2112 dedit
759 2048 793 2111 ln
810 2052 905 2113 literis
920 2054 1026 2115 eadem
1042 2056 1194 2116 sententie
1205 2059 1287 2130 alais.
1348 2121 1352 2145 Ι

150 2138 188 2199 ad
212 2158 320 2199 omnes
347 2149 431 2199 erat:
455 2137 673 2198 ‘conlocutum
689 2157 721 2197 se
745 2158 816 2197 curu
838 2137 1047 2199 Romanorum
1065 2137 1194 2221 legatis?

150 2244 215 2304 quse
230 2224 375 2301 audisset,
386 2243 509 2305 quaque
522 2222 657 2299 dixisset,
670 2223 714 2283 ita
726 2222 884 2304 disposita,
899 2235 934 2284 ut
947 2226 1092 2305 superior,
1105 2225 1197 2285 fuisse

151 2310 184 2370 in
199 2309 419 2390 disceptatione
436 2308 529 2370 videri
544 2318 656 2391 posset.
700 2308 792 2389 Apud
808 2307 946 2370 Rhodios
961 2310 1054 2391 legati
1070 2311 1199 2391 addide-

155 2407 239 2471 runt,
263 2394 445 2455 ‘Confidere
468 2415 576 2476 pacem
600 2395 742 2455 futuram.
768 2396 941 2457 auctoribus
968 2397 1049 2457 enim
1074 2395 1198 2457 Marcio

155 2480 166 2513 ‘
182 2492 276 2561 atque
292 2479 516 2557 Atilio,n1issos
531 2480 663 2542 Romam
679 2479 805 2561 legatos.
839 2479 873 2541 Si
889 2495 1051 2562 pergerent
1066 2479 1198 2543 Romani

154 2566 292 2628 ‘contra
317 2565 413 2628 loedtrs
437 2586 556 2630 movere
580 2566 702 2645 bellum,
718 2576 783 2628 tum
807 2567 890 2628 omni
911 2568 1020 2649 gratia,
1041 2568 1125 2630 omni
1139 2589 1199 2652 ope

154 2653 357 2714 ‘enitendum
373 2652 437 2714 lore
460 2652 599 2732 Rhodiis,
630 2665 664 2714 ut
691 2653 886 2714 reconcilient
911 2674 1028 2736 pacem.
1072 2654 1105 2716 Si
1122 2655 1199 2716 nihil
1262 2679 1265 2686 ·

155 2740 376 2822 ‘deprecando
390 2739 561 2823 proficiant,
584 2741 615 2802 id
631 2739 794 2820 agendum,
819 2759 859 2801 ne
874 2741 1011 2801 omnium
1026 2761 1124 2802 rerum
1145 2741 1199 2822 jus

156 2825 216 2888 ‘ac
232 2835 370 2907 potestas
388 2825 429 2887 ad
444 2847 538 2888 uuum
552 2825 698 2908 populum
715 2826 880 2908 perveniat.
912 2826 1013 2896 Quum
1028 2837 1200 2890 ceterorum

157 2911 214 2973 ‘id
244 2913 402 2990 interesse,
429 2925 495 2974 tum
521 2912 671 2993 precipue
696 2910 896 2991 Rhodiorum,
922 2913 1012 2994 ⁴8qui
1034 2914 1101 2996 plus
1121 2913 1201 2975 inter

157 2998 258 3060 ‘alias
274 2998 415 3060 civitates
432 2999 579 3080 dignitate
595 3011 685 3079 atque
708 2998 816 3078 opibus
840 2999 1012 3060 excellant:
1036 3020 1101 3080 quae
1116 3019 1202 3060 serva

159 3085 276 3165 ‘atque
290 3085 425 3146 obnoxia
440 3083 516 3160 fore,
542 3085 566 3144 si
582 3083 679 3144 nullus
695 3083 755 3144 alio
778 3084 829 3160 sit,
853 3106 944 3165 quam
968 3084 1009 3146 ad
1034 3083 1202 3164 Romanos,

161 3168 358 3251 ‘respectus’
404 3167 506 3250 Magis
532 3181 563 3231 et
587 3168 680 3230 literae
703 3180 736 3230 et
760 3169 851 3230 verba
877 3170 1044 3251 legatorum
1070 3172 1202 3251 benigne
1245 3241 1249 3248 Ι

164 3266 235 3317 sunt
256 3255 369 3332 audita,
391 3275 484 3336 quam
510 3266 697 3316 momentum
723 3255 762 3316 ad
777 3256 940 3316 mutandos
956 3257 1072 3316 animos
1087 3255 1203 3315 habue-

165 3352 259 3402 runt:
283 3342 434 3422 potentior
450 3361 516 3402 esse
532 3341 624 3422 partis
640 3340 771 3400 melioris
787 3341 949 3401 auctoritas
964 3348 1108 3422 coeperat.
1142 3337 1205 3400 Re·

160 3447 306 3510 sponsum
331 3447 369 3488 ex
383 3427 507 3490 decreto
522 3439 589 3488 est:
614 3426 623 3458 ‘
638 3425 754 3507 Optare
770 3445 876 3507 pacem
890 3424 1037 3487 Rhodios.
1052 3427 1077 3486 si
1092 3425 1204 3487 bellum

161 3515 276 3590 ‘esset,
303 3534 341 3575 ne
368 3513 441 3595 quid
467 3513 507 3574 ab
525 3509 653 3573 Rhodiis
678 3522 814 3592 speraret
836 3523 890 3572 aut
904 3523 1022 3593 peteret
1036 3533 1099 3589 rex,
1123 3511 1206 3594 quod

164 3600 321 3661 ‘veterem
338 3599 517 3676 amicitiam,
533 3599 637 3660 multis
653 3597 831 3678 magnisque
846 3598 962 3659 meritis
976 3618 1053 3680 pace
1067 3598 1206 3680 belloque

191 3751 214 3809 ⁴i
231 3769 262 3818 Et
283 3769 427 3833 Bprumimn,
446 3781 466 3820 et
486 3769 598 3833 Mrem]
622 3772 671 3821 Hic
702 3773 749 3820 dem
759 3773 855 3820 civitates
869 3771 1041 3833 pcrtuhellcrios
1049 3771 1157 3815 duntaxat
1167 3769 1208 3814 lit·

161 3834 246 3898 aliquid
264 3837 355 3883 videtur
373 3835 409 3883 rel
425 3850 555 3900 corruptum
566 3853 624 3895 csse,
636 3837 672 3886 vel
702 3845 759 3884 teror
768 3838 897 3884 illasmisit:
914 3835 1015 3883 Rhodum
1031 3847 1081 3880 aero
1095 3833 1160 3878 etiarn
1175 3831 1208 3877 le·

162 3901 283 3947 excidisse·
316 3901 368 3948 ldac
384 3903 479 3964 probant
496 3903 568 3964 primo
582 3918 672 3964 eaque
701 3910 762 3964 gara
781 3917 832 3950 mm
852 3902 938 3948 litteris.
981 3899 1062 3959 ltaque
1089 3896 1128 3944 hic
1150 3894 1209 3942 Livii

163 3977 303 4026 sequutum.
337 3963 366 4011 ln
382 3967 461 4014 litteris
479 3968 551 4014 eadem
568 3970 672 4015 minutia
703 3965 765 4012 locus
776 3967 840 4031 culpa
850 3965 994 4013 librariorum
1008 3962 1147 4008 deformatus
1157 3975 1209 4024 pro·

161 4031 194 4076 ad
211 4044 282 4075 ortua
297 4037 352 4076 cras.
383 4029 434 4078 Vox
452 4031 672 4080 enimomneslatius
702 4031 766 4078 l'ecto
776 4043 819 4088 est,
828 4042 853 4078 et
865 4029 916 4093 ejus
933 4027 1048 4076 sententia
1065 4043 1094 4074 ex
1113 4025 1210 4091 Polybio

159 4093 247 4156 aliquid
255 4091 401 4155 souanqrdns
409 4097 472 4144 atde
482 4095 570 4143 duabus
581 4107 671 4145 tuntum
702 4095 839 4155 refingenda.

161 4159 300 4214 civitatibus,
310 4159 421 4222 Byzantio
433 4172 457 4208 et
469 4161 559 4218 Rhodo,
575 4160 621 4208 dici
630 4177 670 4224 po.
733 4161 755 4196 ⁴⁸
765 4161 810 4214 Qui
818 4162 899 4221 plus..
911 4155 1038 4217 acetum]
1057 4156 1081 4203 Sl
1089 4155 1132 4204 hoe
1143 4156 1210 4203 modo

160 4223 240 4272 tuerit.
274 4223 366 4272 Deinde
384 4239 440 4272 vero
455 4225 573 4290 Polybius,
588 4241 615 4273 ex
628 4243 673 4288 quo
704 4224 873 4285 legatur,racat
890 4223 920 4269 ri
933 4222 991 4283 plus.
1021 4222 1138 4284 Legepuo
1153 4222 1212 4281 plus.

159 4286 210 4336 luet
232 4290 310 4336 omnia
337 4289 450 4354 descripta
475 4304 539 4348 sunt,
562 4289 672 4349 significae
705 4288 877 4354 debimdrp
887 4283 1211 4354 γὰρπλεῖονὸρέγοπᾳτῆ*

133 4360 142 4403 “,
162 4352 241 4412 Legat·
263 4357 304 4402 55.
325 4354 402 4417 plures
424 4355 495 4404 tuhse
517 4356 620 4420 populos,
645 4362 673 4406 ed
705 4355 829 4415 ἰσηγορίας
847 4350 887 4397 eal
910 4347 1049 4410 radpertus,
1069 4347 1111 4395 eal
1131 4349 1210 4424 drans-

163 4417 266 4478 quoshre
282 4419 368 4466 litterae
387 4420 462 4468 missa
480 4421 573 4469 suerint.
607 4419 671 4471 Post.
703 4419 763 4468 λέσι
780 4415 944 4478 προΜέΜ
958 4414 975 4462 θ’
991 4411 1212 4471 ΡΜΜῆΜῦΜι

162 4483 304 4542 qmmenim
321 4486 437 4546 exposuit,
454 4487 509 4548 quid
526 4485 571 4532 illae
588 4484 672 4536 littera.¹
703 4479 770 4529 ἀλλὰ
790 4479 831 4526 nal
856 4477 972 4546 rirtrrir
987 4475 1072 4523 ἄλλων
1087 4471 1212 4530 Ἑλλήνων

161 4547 317 4606 continerent,
333 4548 465 4614 subjungit:
485 4549 672 4615 Circualiusqai·
703 4540 851 4606 idss'dssplss·
