3184 5225
384 445 389 453 .
488 354 565 413 ulli.
587 350 682 414 XLII.
703 352 786 414 cnP.
807 352 901 413 va.
1182 360 1220 415 dl

172 512 265 591 tibus,
282 508 415 575 Romani
438 511 478 573 arl
493 508 706 575 Crarroninmt
728 510 880 573 intaotum
902 528 1009 593 agrum
1029 521 1133 573 castra
1154 528 1222 573 mo-
1237 517 1376 571 ucesi-

173 611 258 663 rent.
309 596 356 660 Ibi
379 616 472 681 quum
498 600 608 677 securi,
627 610 659 660 et
680 609 806 682 propter
830 608 997 659 castrorum
1019 597 1224 679 lougirrqnitn·¹
1237 583 1309 635 Μ·
1322 586 1378 637 ῙΠ·

174 699 253 765 tem,
274 696 307 747 et
326 685 383 747 tier
403 684 504 767 inopis
526 702 670 769 aquarum
693 683 914 762 difficultatem,
936 683 1103 764 quainter
1126 682 1225 768 Syos·

176 773 259 837 rium
281 783 313 833 et
333 769 478 833 Cranona
497 780 553 848 est,
576 770 687 833 stativs
705 766 874 847 haberent3
899 780 1025 852 repente
1040 769 1141 853 prima
1158 770 1225 833 luoe

177 860 212 921 in
236 856 450 921 inminentibus
472 854 598 920 tumulis
620 856 774 937 equitatus
798 857 900 937 regius
914 876 985 917 cum
1000 856 1058 919 levi
1073 868 1227 919 mmanrra

177 944 426 1026 rlsnsingentam
438 944 602 1007 tumultum
613 942 697 1005 lecit.
740 940 842 1003 Pridie
853 962 909 1024 per
919 942 1080 1005 meridiem
1095 942 1225 1024 perlecti

175 1032 218 1093 ab
232 1029 358 1115 Sycurio
373 1042 477 1093 erantr
502 1030 641 1115 peditum
664 1046 774 1109 agmen
796 1029 853 1090 snb
868 1027 967 1089 locem
989 1028 1175 1109 reliquerant
1193 1029 1224 1091 in

175 1116 319 1200 proxime
333 1115 471 1201 planitie.
525 1114 621 1178 Stetit
642 1114 804 1199 paullisper
826 1114 859 1175 in
882 1113 1019 1191 nrmulis,
1042 1114 1113 1175 elici
1135 1134 1226 1198 posse

174 1214 258 1266 ratus
282 1203 322 1266 ed
344 1214 484 1285 equestre
510 1213 665 1265 certamen
689 1200 863 1263 Romanosr
890 1200 942 1281 qui
963 1210 1125 1283 postquem
1147 1201 1225 1262 nibil

174 1290 352 1368 monebant,
371 1288 505 1371 equitem
525 1288 633 1366 mittit,
653 1288 704 1370 qui
721 1287 840 1369 pedites
865 1286 976 1349 referre
1001 1286 1041 1348 ad
1065 1282 1224 1370 Sycurium

174 1377 266 1458 signa
283 1374 420 1457 juberet3
448 1375 514 1458 ipae
538 1394 611 1436 mox
634 1375 799 1436 insecutus.
856 1370 989 1435 Romani
1010 1372 1139 1453 equites,
1156 1392 1224 1434 mo·

177 1462 251 1524 dioc
273 1461 433 1523 intervallo
454 1470 624 1543 sequentes,
639 1460 733 1522 sicubi
755 1478 876 1543 sparsos
897 1478 934 1520 oc
957 1458 1120 1540 dissipatos
1138 1458 1224 1521 inva-

176 1548 251 1611 dere
265 1560 400 1629 possent,
415 1557 577 1631 postquem
600 1546 753 1609 confertos
768 1546 864 1623 abire,
879 1546 969 1627 signs
989 1555 1081 1629 etque
1103 1544 1224 1608 ordines

177 1646 343 1713 sementes,
357 1633 508 1711 viderunt,
523 1634 626 1717 stipsi
642 1634 674 1696 in
690 1643 791 1694 cestra
805 1632 942 1695 redeunt.

221 1718 319 1783 bXV.
341 1718 428 1798 lnde,
443 1720 587 1781 obtensus
609 1718 831 1801 longinquitate
852 1717 982 1797 itineris,
999 1738 1053 1781 rex
1074 1719 1115 1781 ad
1128 1715 1223 1802 Mop-

175 1808 254 1870 siom
275 1818 378 1871 oestro
400 1806 514 1883 morit3
542 1817 574 1868 et
600 1804 743 1883 Romani,
769 1805 915 1867 demessis
937 1803 1088 1869 Cranonis
1111 1806 1224 1887 segeti·

174 1896 244 1971 bns,
260 1894 291 1955 in
307 1888 522 1955 Phalannreum
545 1909 652 1974 agrum
675 1900 844 1954 transeunt.
897 1890 943 1953 lbi
958 1910 1052 1974 quum
1066 1912 1107 1955 err
1124 1902 1225 1954 nans·

176 1980 251 2063 loga
264 1990 429 2061 cognosset
450 1999 513 2057 rex,
536 1978 602 2041 sine
615 1978 679 2040 ullo
694 1988 814 2039 armato
829 1978 969 2059 prasidio
983 1978 1096 2060 passim
1108 1995 1217 2059 regan·

176 2064 1226 2233 ‘liniti“titilius,lilitdtrtlitflilllnllll

177 2238 351 2301 adcelerare
366 2249 499 2321 poteret,
514 2237 610 2299 ellirso
632 2237 754 2318 agmine
777 2236 883 2314 issent,
898 2237 1050 2317 inproviso
1066 2235 1225 2315 adgressus

177 2336 226 2389 est
243 2324 410 2389 Romanos.
434 2322 544 2407 juncta
568 2322 717 2399 vehiculo,
741 2320 888 2404 pleraque
914 2332 1035 2399 onusto,
1057 2322 1143 2383 mille
1170 2322 1227 2384 od-

176 2410 303 2474 modmn
324 2410 494 2493 capiuntur,
517 2409 652 2471 sexcenti
676 2408 772 2470 ferme
794 2408 944 2470 homines.
998 2407 1133 2469 Proedsm
1155 2422 1226 2470 otre-

176 2498 355 2561 todlendsrn
377 2495 609 2577 ducendamque
632 2495 663 2557 in
684 2506 786 2557 castra
803 2494 948 2556 trecentis
963 2492 1155 2557 Cretensium
1170 2495 1225 2557 de·

178 2584 236 2648 dit
257 2584 334 2669 ipse,
349 2594 491 2648 revocato
506 2582 545 2645 sb
560 2582 655 2646 effiss
670 2580 753 2644 cede
768 2581 871 2663 equite
889 2592 922 2644 et
939 2581 1063 2663 reliquls
1075 2581 1225 2666 pedittrm,

178 2672 265 2736 ducit
286 2671 326 2734 ad
341 2671 514 2755 proximum
530 2667 714 2752 presidium,
730 2680 813 2731 ratus
828 2668 911 2731 haud
925 2686 1040 2751 magno
1060 2670 1228 2732 eertsmlne

178 2758 308 2842 obprimi
329 2777 428 2842 posse.
481 2753 518 2819 L.
535 2753 696 2838 Pompeius
716 2755 857 2818 tribunus
875 2755 1008 2818 militnm
1022 2767 1159 2838 preerat,
1174 2756 1226 2838 qui

179 2845 336 2928 peoalsos
356 2844 471 2908 milites
491 2843 651 2926 repentino
668 2840 803 2904 hostium
823 2841 956 2905 adventu
976 2843 1008 2904 in
1022 2842 1230 2926 propinquum

178 2931 330 2994 tanrnlom
354 2929 480 3012 recepit,
504 2929 563 2991 loci
588 2947 622 2991 se
647 2927 798 3011 presidio,
817 2928 891 3010 quia
912 2947 1041 2990 numere
1062 2940 1097 2992 et
1115 2929 1228 2992 viribus

179 3018 269 3102 inpar
288 3029 365 3096 erat,
380 3015 568 3082 defensurus.
622 3013 668 3081 lbi
684 3033 777 3096 quum
800 3015 833 3080 in
852 3015 958 3080 orbern
981 3013 1094 3080 milites
1108 3015 1228 3098 coegis-

178 3117 240 3182 set,
251 3115 289 3166 ut
302 3103 435 3166 clematis
450 3102 544 3165 scutis
564 3101 603 3164 sb
623 3099 712 3183 jactu
727 3101 908 3184 sagittarum
922 3113 955 3164 et
970 3100 1143 3184 jaculorum
1160 3121 1229 3164 sese

180 3199 353 3268 tuerentur,
367 3187 502 3267 Perseus,
517 3183 705 3250 circumdato
723 3187 849 3250 ermetis
864 3189 993 3266 tumulo,
1009 3187 1085 3250 alios
1100 3187 1229 3250 adscen-

180 3293 252 3338 sum
275 3271 406 3354 undique
421 3285 538 3338 tentare
558 3272 658 3355 jubet,
680 3284 712 3336 et
734 3273 874 3336 cominus
896 3273 1037 3355 proelium
1061 3291 1230 3351 conserere,

183 3361 262 3424 elios
275 3359 392 3424 eminus
406 3359 469 3424 tels
483 3359 629 3442 ingerere.
677 3359 802 3442 Anceps
816 3359 973 3420 Romanos
987 3369 1086 3421 terror
1099 3358 1231 3420 circnm-

180 3447 300 3510 stabat=
331 3465 403 3510 nam
423 3465 521 3532 neque
545 3447 676 3524 conferti
697 3465 834 3529 pugnare
854 3455 981 3527 propter
1005 3464 1069 3524 eos,
1095 3445 1146 3528 qui
1173 3445 1230 3508 eds

180 3532 325 3596 scendere
346 3533 377 3596 in
401 3533 550 3596 tumulum
573 3533 773 3611 conabantur,
792 3543 953 3615 poterantr
980 3541 1023 3610 et,
1037 3531 1087 3594 ubi
1107 3531 1230 3595 ordines

181 3619 388 3704 procurrendo
400 3617 574 3698 solvissent,
589 3619 737 3702 patebant
753 3617 865 3701 jaculis
883 3616 1047 3700 sagittisve.
1092 3616 1231 3681 Maxime

177 3709 205 3755 ’ἲ
214 3705 501 3790 oestmspirendonis
520 3705 764 3768 vulnerabantur.
786 3705 846 3769 hoc
867 3705 922 3767 illo
940 3703 1022 3768 bello
1041 3718 1153 3766 notum
1174 3725 1230 3786 ge·
1243 3719 1336 3771 cerno

1243 3804 1255 3835 ι

536 3855 549 3888 ³
562 3846 711 3898 merem
723 3847 798 3898 Gron.
808 3847 878 3898 Cret.
1243 3786 1382 3922 m

216 3969 457 4035 flcaemplnrdmrir]
486 3969 569 4032 Huius
587 3971 629 4019 teli
650 3971 692 4019 de-
724 3969 1140 4034 telrulemlrobensepaalerrusuemi.
1170 3966 1233 4018 Huic

181 4035 276 4102 seriptis
303 4051 354 4100 que
378 4037 492 4099 requitur,
510 4035 596 4099 aliquid
622 4035 692 4084 babet
724 4037 918 4161 mmmm
934 4037 1040 4082 interm
1057 4042 1115 4094 mt,
1135 4034 1233 4100 longitn-

182 4101 288 4152 obresuir
309 4103 349 4150 sed
361 4102 457 4150 mudum
470 4102 493 4150 ei
508 4101 584 4149 lucem
594 4099 693 4150 edomet

182 4165 457 4244 Grnsai'olybilvssba,
475 4181 504 4216 cx
522 4166 605 4230 quibus
616 4165 694 4214 bisina
724 4166 781 4242 ritis,
801 4166 876 4228 diget
924 4161 955 4240 lp
978 4163 1045 4225 ique
1068 4165 1165 4212 aredium
1190 4171 1234 4213 ner

182 4229 559 4361 uftt'ttnlllttltf
569 4229 694 4345 tuti:
724 4225 1236 4359 ffriiilwifflt

183 4359 694 4425 tenendumquiesrennneemoter
727 4358 823 4417 inpar-io
838 4355 938 4416 baldat,
955 4358 981 4404 in
998 4359 1069 4406 scedio
1086 4365 1237 4418 ammae,

186 4427 281 4478 Curat.
329 4425 418 4476 Nessum
446 4427 485 4474 boc
510 4429 624 4475 bernam
643 4425 698 4472 utto
727 4422 986 4483 mammii·
1001 4421 1111 4488 ursacii·
1125 4423 1236 4482 soloin*

186 4489 281 4542 Peraea.
324 4490 401 4555 iprum
413 4492 523 4556 malam
536 4491 627 4554 &olor
637 4487 699 4552 suit,
728 4485 884 4552 &ligulam
897 4488 1054 4549 hymmum
1096 4485 1237 4548 Tessgtm

922 4112 1232 4162 mesammone-
