3184 5225
469 340 874 405 mmmm
1059 322 1258 405 'm-

158 498 170 535 ‘
185 498 338 563 exercitus
353 498 507 565 ducebant
517 522 606 563 esser
630 500 711 565 unde
723 500 762 563 ad
777 520 912 583 pugnam
922 498 1052 593 exirent,
1062 477 1123 582 quo
1134 495 1203 581 jac·
1217 502 1249 553 U·
1261 501 1290 551 C·
1303 504 1360 553 ⁵8⁴·

156 586 241 650 ‘tati
256 596 439 669 tempestate
461 607 571 669 pugna
586 598 741 670 receptum
756 587 913 649 haberent.
927 585 1008 664 ideo,
1027 606 1119 667 quum
1134 606 1203 649 mu·
1215 567 1248 620 A.
1257 564 1287 618 ς·
1302 562 1356 621 ²⁶⁰·

156 675 169 708 ‘
184 673 329 736 nimentis
344 694 381 734 ea
395 674 589 756 ²²sepissent,
605 673 746 755 prasidio
769 693 872 754 quoqu
905 673 1004 735 valido
1020 672 1203 751 tinuabant3

157 760 170 793 ‘
186 760 278 841 quod,
291 760 342 841 qui
358 758 464 821 castris
480 771 588 821 exutus
600 769 677 836 erat,
688 758 808 821 etiamsi
818 758 984 841 pugnando
997 759 1062 821 acie
1071 758 1205 839 vicisset,

157 846 169 883 ‘
184 867 241 929 pro
255 845 338 907 vieto
354 844 525 907 haberetur.
540 854 641 906 castra
658 856 730 907 sunt
742 844 848 917 victori
866 844 1102 926 receptaculum,
1125 846 1206 908 victo

157 930 367 1016 ‘perfugium
411 930 511 1001 Quam
535 930 624 993 multi
638 929 800 1007 exercitus,
820 930 929 1009 quibus
944 931 1044 991 miuus
1063 952 1209 1013 prospera

157 1020 170 1053 ‘
185 1039 295 1101 pugnas
305 1018 429 1081 fortuna
443 1017 512 1095 fuit,
528 1014 609 1079 intra
622 1016 731 1077 vallum
747 1016 909 1097 compulsi,
925 1027 1062 1098 tempore
1076 1038 1144 1095 suo,
1158 1018 1207 1079 in·

158 1106 169 1139 ‘
185 1104 305 1168 tardum
320 1116 477 1173 momento
492 1113 573 1186 post,
585 1102 742 1185 eruptione
757 1100 850 1178 iacta,
860 1102 1008 1163 victorem
1019 1103 1141 1165 hostem
1153 1125 1209 1187 pe·

159 1189 349 1275 ‘pulcrunti
383 1190 484 1273 patria
498 1188 595 1261 altera
612 1200 659 1251 est
674 1187 813 1251 militaris
837 1187 901 1249 haec
916 1187 1015 1265 sedes,
1036 1188 1209 1273 uallumque

160 1281 242 1361 ‘pro
266 1276 428 1355 moenibus,
454 1287 487 1339 et
501 1275 664 1338 tentorium
692 1295 778 1337 suum
800 1273 909 1354 cuique
929 1273 1019 1335 militi
1039 1272 1148 1337 domus
1172 1297 1209 1339 ac

161 1367 318 1446 ‘penates
338 1374 418 1425 sunt.
461 1360 534 1423 Sine
549 1362 612 1423 ulla
633 1361 704 1423 sede
719 1360 788 1441 vagi
811 1360 1048 1437 dimicassemus,
1067 1363 1136 1422 ”ut
1149 1382 1210 1442 quo

161 1454 174 1487 ‘
189 1449 319 1513 uictores
331 1470 387 1511 nos
399 1447 617 1532 reciperemus?
644 1446 702 1509 His
713 1446 942 1509 difficultatibus
951 1457 983 1509 et
994 1444 1212 1529 inpedimentis

163 1539 176 1572 ‘
191 1558 301 1620 pugnae
315 1536 390 1599 illud
405 1535 584 1617 obponitur:
607 1534 687 1605 Quid
703 1534 729 1596 si
744 1533 841 1595 hostis
852 1533 911 1594 hnc
926 1532 1105 1615 interposita
1120 1543 1212 1595 nocte

163 1624 313 1701 ‘abisset
339 1634 489 1705 quantum
515 1642 617 1683 rursus
640 1619 795 1704 sequendo
819 1641 857 1681 eo
877 1619 998 1702 penitus
1020 1618 1052 1679 in
1071 1618 1212 1681 ultimam

165 1708 409 1773 ‘Macedoniam
424 1708 664 1771 exhauriendum
677 1706 787 1769 laboris
803 1705 886 1768 erat?
910 1703 978 1787 Ego
988 1716 1103 1782 autem,
1113 1726 1214 1787 neque

165 1797 365 1859 ‘mansurum
391 1815 473 1874 eum,
499 1814 596 1875 neque
617 1794 649 1856 in
669 1794 767 1855 aciem
789 1792 894 1877 copias
912 1791 1091 1857 educturum
1111 1790 1215 1870 fuisse,

166 1886 177 1919 ‘
192 1895 309 1947 certum
320 1883 430 1961 habeo,
443 1882 468 1943 si
484 1881 590 1943 cedere
601 1880 673 1943 hinc
687 1879 854 1961 statuisset.
877 1889 990 1959 quanto
1002 1879 1084 1939 enirn
1096 1876 1214 1940 facilius

165 1971 276 2033 ‘abire
299 1969 368 2047 fuit,
384 1988 476 2049 quum
501 1966 607 2051 procul
633 1968 817 2042 abessemus,
843 1985 934 2047 quam
952 1985 1044 2045 nuuc,
1064 1985 1159 2046 quum
1183 1964 1215 2026 in

168 2056 359 2119 ‘cervicibus
375 2054 501 2117 sumus?
526 2050 592 2115 Nec
608 2052 727 2115 falleret
740 2073 808 2130 nos,
823 2072 882 2113 nec
904 2050 1037 2113 interdiu
1051 2071 1108 2113 nec
1122 2063 1215 2113 nocte

167 2145 179 2179 ‘
195 2141 345 2205 abeundo.
367 2140 450 2213 Quid
465 2150 568 2203 autem
584 2150 631 2201 cst
644 2139 731 2201 nobis
752 2138 898 2221 optatius,
913 2158 1006 2219 quam
1020 2148 1066 2214 ut,
1086 2157 1215 2221 quorum

168 2231 306 2307 ‘casua
331 2227 458 2310 praealta
472 2226 604 2289 fluminis
627 2225 694 2306 ripa
716 2236 794 2303 tnta,
818 2224 898 2286 vallo
922 2224 1044 2305 iusuper
1068 2236 1157 2305 septa
1180 2243 1216 2287 ac

167 2318 179 2351 ‘
195 2315 309 2377 crebris
324 2314 467 2389 turribus,
481 2313 657 2393 obpugnare
669 2310 768 2372 adorti
783 2330 897 2388 sumus,
908 2330 971 2387 eos,
987 2309 1101 2373 relictis
1116 2309 1218 2372 muni-

167 2400 320 2477 ‘mentis‚
342 2398 463 2481 agmine
488 2396 584 2460 effuso
607 2398 764 2475 abeuntes,
788 2396 820 2457 iu
843 2396 1019 2479 patentibus
1039 2397 1156 2479 campis
1179 2395 1218 2460 ab

167 2490 181 2525 ‘
196 2498 286 2569 tergo
301 2482 491 2548 adoriamur?
516 2480 574 2545 Ha
589 2482 689 2545 dilatae
709 2503 818 2563 pugnae
832 2504 872 2544 ex
886 2482 1027 2545 hesterno
1047 2481 1097 2544 die
1113 2482 1144 2543 in
1160 2481 1218 2543 ho·

168 2578 181 2612 ‘
199 2574 341 2636 diemum
356 2590 468 2634 caussa
482 2567 613 2632 fuerunt.
645 2566 780 2650 lbrgnare
796 2568 923 2632 enimet
937 2568 993 2650 ipsi
1009 2566 1084 2629 mihi
1099 2568 1201 2651 placet
1206 2590 1218 2647 3

169 2665 181 2698 ‘
195 2671 228 2724 et
244 2659 325 2736 ideo,
338 2658 410 2740 quia
423 2678 477 2739 per
491 2653 641 2737 Enipeum
653 2675 773 2716 amnem
789 2665 879 2738 septa
890 2654 929 2714 ad
943 2654 1063 2715 hostem
1078 2655 1127 2716 via
1141 2667 1219 2734 erat,

168 2747 257 2809 ‘alio
273 2746 364 2822 saltu,
389 2741 515 2825 dejectis
542 2740 676 2802 hostium
697 2740 853 2823 presidiis,
875 2761 988 2802 nouum
1011 2741 1069 2804 iter
1093 2741 1227 2824 aperui;‚

165 2836 180 2911 .‘
193 2853 291 2913 neque
306 2832 401 2914 prius,
416 2849 506 2910 quarn
523 2826 724 2902 debellavero,
739 2825 907 2889 absistam.'

211 2917 281 2982 XL.
303 2917 378 2982 Post
405 2917 484 2978 hane
507 2913 678 2976 orationem
693 2913 849 2975 silentium
872 2911 941 2992 suit,
960 2912 1072 2996 purtim
1094 2914 1218 2976 traduc·

169 3008 211 3072 tis
226 3008 258 3068 in
273 3002 456 3068 sententiam
476 2998 553 3082 ejus,
567 3001 680 3082 partim
702 2999 873 3062 verentibus
893 3000 1099 3080 nequidquam
1121 2999 1220 3063 offen·
1245 3026 1248 3031 ¹

169 3094 243 3156 dere
272 3093 304 3155 in
328 3113 376 3170 eo,
403 3088 496 3174 quod,
523 3098 687 3169 utcumque
718 3085 964 3168 pretermissum,
993 3085 1125 3148 revocari
1157 3107 1234 3148 nona

173 3189 287 3263 posset.
332 3176 413 3239 ²⁴Ac
429 3195 467 3236 ne
483 3174 536 3235 illo
552 3173 619 3255 ipso
634 3173 757 3256 quidem
772 3173 834 3249 die,
850 3182 903 3233 aut
917 3171 1052 3246 consule,
1068 3182 1122 3231 aut
1135 3192 1219 3250 rege,

175 3266 291 3347 (rege¹,
317 3262 398 3344 quod
413 3282 470 3324 nec
486 3260 593 3336 fessos,
614 3271 649 3321 ut
663 3258 772 3340 pridie,
787 3278 827 3318 cx
840 3258 899 3334 via,
919 3276 1017 3336 neque
1033 3255 1219 3336 trepidantes

171 3351 206 3414 in
223 3351 288 3412 acie
310 3347 484 3412 instruenda
507 3357 539 3407 et
553 3342 677 3405 vixdum
702 3343 891 3425 compositos
911 3341 1105 3422 adgressurus
1126 3352 1193 3402 erat
1204 3363 1223 3419 p

169 3436 307 3515 consule,
321 3435 401 3520 quod
415 3435 447 3496 in
473 3432 559 3494 novis
575 3428 681 3491 castris
703 3449 766 3490 non
781 3429 876 3510 ligna,
896 3446 958 3487 non
978 3425 1121 3508 pabulum
1144 3447 1218 3488 con·

112 3551 115 3558 ’
168 3536 291 3587 vectum
318 3531 393 3601 erat,
420 3520 459 3583 nd
486 3539 551 3600 ques
577 3515 713 3600 petenda
737 3536 777 3578 ex
799 3513 976 3597 propinquis
1002 3511 1082 3594 agris
1107 3533 1220 3595 magna

167 3631 238 3694 pars
254 3609 386 3672 militum
401 3629 419 3669 e
435 3605 540 3669 castris
562 3601 688 3681 exierat)
715 3612 825 3664 neutro
849 3601 1067 3683 imperatorum
1084 3599 1217 3680 volente,

164 3695 394 3778 Fortunu,·quae
415 3693 483 3778 plus
499 3687 632 3754 consiliis
652 3689 795 3751 humanis
818 3687 926 3770 pollet,
941 3685 1096 3761 contraxit
1116 3698 1216 3750 certa·
1229 3700 1362 3758 cmrmea

443 3800 535 3842 ‘amm
546 3805 628 3840 vocem
638 3805 690 3855 rege
700 3789 789 3840 uncinis
799 3788 897 3838 includit
908 3788 977 3838 Creu.
1230 3782 1286 3846 Μ,
1294 3785 1350 3819 ⁰⁰¹¹·

199 3887 224 3924 fl
237 3883 354 3948 Sepimt]
370 3883 437 3945 Legit
455 3881 585 3930 Gronovius
602 3881 675 3941 repsis-
707 3890 759 3928 este
776 3879 954 3940 Acacilbiprr
963 3879 1049 3942 quidem
1059 3880 1096 3928 die
1109 3836 1335 3930 auran-mm

168 3960 224 4001 aaut.
262 3951 310 4028 Sed
327 3948 479 4028 Grammatici
497 3962 511 3994 ι
529 3948 584 4008 sepia
601 3945 674 3993 dedu·
705 3945 765 4022 sule,
771 3953 870 4009 outrage
883 3979 890 3992 .
901 3978 908 3992 .
920 3979 926 3993 .
940 3943 1048 4018 ‚wisura
1056 3942 1154 4022 Fortuna
1162 3963 1214 3995 m.

170 4027 229 4116 cup:
238 4026 432 4143 minitdicpidm
448 4075 498 4140 aas]
514 4076 554 4124 Sic
571 4089 639 4141 supra
657 4074 673 4123 1.
705 4009 1214 4138 buriiidjbnurmb‘ddtcddiririieffiuibiidt

170 4141 676 4206 xu.e.1a.=uquuurannnnrcaeru
768 4139 810 4186 ari.
840 4138 1212 4199 mammaemammal»

167 4212 338 4289 mmmmm
354 4211 413 4258 omni
432 4208 511 4257 aaa«
527 4213 617 4254 πωπω
637 4219 674 4252 es·
715 4205 831 4282 qngiorcm
851 4203 1006 4268 pirentbcsia,
1026 4217 1078 4264 quo
1098 4204 1212 4258 dividebat

163 4276 360 4388 macuto
372 4337 560 4404 ipsapru'demdis
573 4289 675 4384 restruun-¹
705 4266 1212 4382 ildinribldrasmizbiumwidscffism

164 4405 222 4462 eale,
242 4414 283 4453 urat
302 4421 362 4470 rege,
383 4405 456 4471 βψ]
480 4401 597 4453 Posterius
618 4398 674 4446 illud
703 4405 837 4461 peratum
862 4396 1064 4461 Etenpiasimiliu
1074 4397 1172 4450 habeti.
1184 4411 1212 4450 ν.

164 4485 217 4536 rege
234 4471 321 4536 adjecit
332 4470 473 4527 Gronovius.
505 4465 674 4526 Scmdrrut
705 4462 777 4515 att.
790 4464 1014 4516 nuntiabant.

205 4557 284 4606 vot..
300 4558 347 4608 tv.
745 4546 774 4595 Μ
