3184 5225
553 314 638 395 [LIB.
657 314 739 375 XLl.
760 314 843 377 CAP.
855 314 927 375 XX.
1230 320 1269 377 at

220 448 371 535 Roma'nis
386 490 452 533 esse
463 478 485 510 Ν
499 468 595 533 videri
609 483 721 554 posset.
752 470 902 550 Dardani,
916 487 1009 559 quum
1023 468 1188 533 Bastarnas
1203 490 1266 533 non
1280 475 1313 529 ὓ.
1325 478 1356 529 (⁸.
1365 480 1424 531 577:

220 559 316 621 modo
330 578 393 621 non
410 556 559 619 excedere
573 556 683 620 finibus
698 558 770 637 suis,
796 558 880 640 quod
893 567 1096 704 εῇωνεηηῐ,
1122 557 1177 619 sed
1195 578 1265 638 gra·
1278 542 1310 597 Α*
1319 541 1349 597 ⁰·
1362 545 1416 597 ¹⁷⁵·

219 645 320 706 viores
334 644 398 707 fieri
424 644 456 704 in
473 643 537 705 dies
553 654 721 725 cernerent,
746 645 886 706 subnisus
963 640 1065 707 racum
1090 641 1263 706 adcolarum

222 742 255 793 et
270 728 497 793 Scordiscorum
513 730 644 807 auxiliis,
670 729 845 791 audendum
859 729 973 810 aliquid
988 729 1035 791 vel
1057 739 1169 792 temme
1194 731 1264 809 rati,

220 835 327 877 omnes
340 815 475 897 undique
489 816 598 877 armati
614 814 653 877 ad
668 815 828 899 oppidum,
851 814 935 895 qnod
960 814 1134 897 proximum
1160 816 1264 878 castris

220 898 439 965 Bastarnarum
463 914 538 978 erat,
571 900 788 962 conventuum.
833 898 943 961 Hiems
967 912 1045 979 erat,
1078 914 1110 963 et
1135 900 1167 962 id
1192 902 1263 963 anni

219 998 342 1069 tempus
357 988 523 1069 elegerant,
547 997 584 1049 ut
596 984 731 1049 'lhraces
747 983 959 1067 Scordiscique
974 985 1006 1047 in
1021 986 1097 1047 fines
1112 1007 1181 1049 suos
1208 989 1263 1049 ab·

217 1070 309 1135 irent.
337 1072 421 1155 quod
435 1074 487 1134 ubi
502 1074 547 1135 ita
561 1073 686 1150 factum,
712 1084 745 1135 et
759 1072 841 1135 solos
861 1070 928 1153 jam
942 1092 1008 1133 esse
1027 1070 1194 1133 Bastarnas
1208 1093 1263 1135 au-

218 1156 350 1235 dierunt,
366 1158 506 1219 bifariam
522 1158 661 1219 dividunt
674 1158 801 1241 copias:
835 1179 915 1241 pars,
938 1168 974 1220 ut
996 1169 1081 1219 recto
1095 1158 1204 1219 itinere
1222 1160 1265 1226 ad

217 1242 428 1306 lacessendum
443 1264 482 1306 ex
503 1256 610 1326 aperto
625 1244 703 1320 iret;
735 1264 816 1325 pars,
840 1243 929 1305 devio
943 1244 1021 1305 saltu
1044 1242 1262 1321 circumducta,

218 1330 257 1390 ab'
271 1342 360 1412 tergo
375 1328 600 1411 adgrederetur.
644 1328 798 1407 Ceterum,
825 1330 999 1413 priusquam
1019 1329 1177 1391 circumire
1192 1348 1260 1389 cas·

218 1427 269 1477 tra
281 1416 414 1477 hostium
431 1426 564 1497 possent,
583 1426 750 1498 pugnatum
765 1426 834 1492 est,
867 1416 1003 1497 victique
1017 1413 1153 1476 Dardani
1175 1434 1261 1475 com·

217 1500 372 1582 pelluntur
387 1502 418 1562 in
434 1502 551 1581 urbem,
566 1522 632 1581 qua
648 1501 710 1563 fere
725 1500 888 1563 duodecim
902 1502 998 1563 millia
1012 1501 1051 1562 ab
1062 1500 1170 1562 castris
1185 1498 1261 1561 Bas·

218 1598 375 1648 tamarum
402 1588 516 1648 aberat.
560 1584 700 1649 Victores
719 1586 880 1648 confestim
905 1586 1122 1649 circumsidunt
1144 1586 1261 1664 urbem,
1275 1598 1397 1649 aarum

216 1670 407 1734 hauddubie
432 1682 557 1753 postero
573 1672 622 1733 die
637 1684 691 1734 aut
713 1684 797 1733 metu
817 1672 964 1735 dedituris
988 1693 1021 1733 se
1034 1672 1182 1750 hostibus,
1208 1683 1262 1735 aut
1275 1666 1396 1713 rumam

215 1758 244 1818 vi
270 1758 482 1840 expugnaturi.
527 1756 651 1819 Interim
679 1755 892 1819 Dardanorum
919 1758 1015 1821 altera
1041 1778 1158 1836 manus,
1196 1779 1262 1840 quar
1274 1731 1373 1781 m·

215 1843 426 1907 circumducta
440 1856 516 1920 erat,
543 1842 650 1924 ignara
664 1842 759 1905 cladis
780 1862 914 1923 suorum,
928 1856 1031 1907 castra
1043 1842 1261 1908 Bastarnarum

217 1930 281 1991 sine
296 1929 436 2013 praesidio
451 1929 558 1991 relicta
1103 1938 1106 1941 ’

600 2044 616 2078 O
733 2045 749 2076 O
868 2047 885 2080 0

257 2124 331 2189 XX.
354 2128 417 2169 m
433 2146 528 2205 more,
543 2126 618 2189 sella
632 2126 764 2188 eburnea
777 2126 890 2209 posita,
910 2126 962 2208 jus
978 2128 1112 2207 dicebat,
1138 2128 1259 2211 discep-

213 2211 361 2296 tabatque
386 2214 605 2275 controversias
628 2212 824 2274 minimarum
850 2234 961 2276 rerum.
983 2216 1010 2253 ⁸¹
1022 2214 1158 2297 adeoque
1184 2214 1259 2275 nulli

216 2297 346 2359 fortunar
364 2298 537 2361 adherebat
562 2298 690 2375 animus,
717 2318 771 2381 per
797 2299 902 2360 omnia
926 2319 1040 2379 genera
1053 2299 1121 2361 vita
1145 2320 1259 2377 errans,

215 2383 263 2443 uti
290 2404 348 2445 nee
372 2384 441 2461 sibi,
465 2404 521 2445 nec
543 2384 621 2461 aliis,
647 2384 771 2465 quinam
795 2384 889 2445 homo
914 2394 1004 2461 esset,
1034 2385 1111 2446 satia
1134 2397 1258 2448 conata-

214 2478 275 2531 ret.
320 2466 391 2531 Non
416 2468 537 2551 adloqui·
560 2470 685 2547 amicos,
708 2470 797 2531 ⁸³vix
821 2470 901 2532 notis
929 2468 1117 2533 familiariter
1140 2470 1261 2532 adride-

213 2574 270 2631 τες
305 2554 512 2618 munificentia
534 2555 671 2637 inaequali
694 2576 759 2618 sese
775 2554 910 2638 aliosque
933 2555 1100 2620 ludificari:
1134 2557 1261 2638 quibus-

213 2640 283 2702 dam
311 2641 470 2704 honoratis
485 2662 657 2724 magnoque
671 2642 889 2706 aestimantibus
904 2662 937 2704 se
951 2642 1088 2724 puerilia,
1114 2643 1139 2681 ⁰¹
1154 2656 1190 2706 ut
1209 2664 1258 2705 es·

212 2746 256 2788 ca
270 2739 325 2789 aut
339 2727 433 2804 lusus,
459 2747 586 2790 munera
600 2728 695 2806 dare3
729 2728 805 2790 alios
820 2728 897 2788 nihil
912 2740 1126 2812 exspectantes
1150 2729 1258 2792 ditare.

212 2809 321 2894 Itaque
340 2813 467 2891 nescire,
494 2814 567 2894 quid
591 2813 648 2875 sibi
672 2813 774 2892 vellet,
798 2812 978 2894 quibusdam
1003 2815 1107 2876 videri.
1134 2815 1257 2896 qnidam

210 2899 237 2938 ⁸⁵
250 2899 355 2960 ludere
369 2919 440 2961 eum
455 2899 645 2982 simpliciter,
668 2899 792 2980 quidam
803 2898 898 2960 haud
925 2899 1015 2962 dubie
1040 2901 1171 2963 insanire
1193 2901 1256 2963 aie·

210 2983 296 3046 bant.
340 2983 376 3046 ln
401 2984 517 3046 duabus
542 2996 646 3046 tamen
672 2985 791 3066 magnis
807 2984 1004 3067 honestisque
1020 2987 1108 3048 rebus
1123 3007 1191 3048 vere
1207 3008 1256 3050 re·
1268 2992 1378 3072 Antiochi

171 3145 174 3154 Ι
210 3071 277 3150 gius
293 3081 360 3132 erat
374 3071 503 3148 animus,
527 3071 558 3132 in
574 3071 691 3132 urbium
707 3071 807 3148 donis,
833 3081 865 3132 et
883 3070 1018 3134 Deonrm
1045 3073 1139 3135 cultu.
1183 3070 1255 3135 Me·
1267 3059 1406 3134 ΨΜ

213 3156 426 3238 galopolitanis
461 3156 493 3218 in
529 3155 663 3218 Arcadia
697 3177 818 3218 murum
843 3175 876 3217 sc
904 3157 1161 3221 circumdatunrm
1187 3160 1254 3221 urbi
1267 3133 1308 3172 ω’

213 3252 262 3302 cst
286 3241 448 3321 pollicitus,
472 3239 678 3323 majoremque
703 3253 821 3324 partem
847 3243 982 3324 pecuniae
1004 3242 1101 3306 dedit.
1145 3240 1254 3324 Tegeae

216 3325 368 3388 theam
393 3328 589 3409 magnificum
611 3347 795 3390 emarmore
822 3327 921 3389 facere
935 3327 1078 3391 instituit.
1111 3327 1254 3412 ⁸⁶Cyaici

415 3497 585 3557 manner.
726 3493 1055 3546 ”moemmntGmCren

240 3634 563 3700 ”Adeqmmllisortand
588 3633 715 3696 Legatum
749 3645 783 3682 ιν,
795 3649 821 3681 n.
836 3634 889 3682 ms.
921 3631 984 3680 Nem
1015 3642 1060 3690 ‚ct
1078 3633 1255 3685 notetmhrme

209 3699 327 3762 manto,
339 3701 399 3748 aaut
408 3701 497 3764 soma.
529 3699 569 3748 Sic
577 3701 641 3764 ,apud
659 3699 714 3748 Tac.
747 3695 865 3746 Ciceronis
884 3697 961 3746 locum
1004 3697 1094 3753 wius,
1114 3698 1178 3745 nulls
1199 3701 1253 3746 urhe

209 3766 363 3816 haheat.
375 3767 414 3816 74.
439 3761 484 3817 Qui
486 3763 586 3826 fornum
597 3766 716 3832 acejum,
748 3760 893 3819 Graeceiuit,
908 3775 1016 3824 quteoon
1028 3776 1095 3810 suum
1113 3761 1253 3825 Prytancum

208 3839 403 3970 Ἓῑξίξῖπαὺ]
431 3891 551 3956 ConJ'unge
569 3890 714 3970 rd'qircnm
747 3827 868 3967 pghessrerq:
882 3826 998 3953 chqtuqnq:
1006 3825 1253 3967 rlddlssffisguuul

209 3959 713 4084 ”idrffllhlffilmilsslrffhn
746 3955 867 4069 litt.
887 3953 1017 4066 ihm:
1030 4017 1048 4064 ι.
1065 3954 1250 4071 &titt

209 4087 316 4134 natam
327 4097 351 4134 er
363 4084 464 4149 dactylos
474 4083 608 4148 palmarum.
747 4083 836 4133 Erech.
850 4081 980 4145 spanhemii
991 4082 1088 4130 Discere.
1105 4083 1249 4136 devectam

239 4149 362 4198 ”lesden
386 4183 394 4198 .
418 4184 425 4198 .
447 4147 585 4212 simpliciter]
624 4149 714 4200 Ludere
746 4147 893 4214 Prytanibus.
940 4143 1003 4199 Quia
1037 4147 1105 4208 igitur
1137 4147 1250 4212 Prytanea

208 4229 248 4279 per
273 4219 379 4280 jocosam
405 4225 430 4262 et
451 4229 561 4275 nugacem
581 4213 713 4280 simplicita-
748 4209 827 4262 Vestae
837 4213 1061 4277 ramerent‚cnjns
1071 4213 1131 4261 ades
1140 4225 1248 4289 penetre-

207 4293 264 4332 tem.
580 4299 587 4329 r
746 4279 769 4326 le
780 4289 830 4327 erat
840 4276 903 4324 urbia
922 4276 1013 4337 Romae,
1029 4279 1083 4325 ideo
1099 4277 1175 4325 Ursus
1191 4277 1250 4343 Pry-

239 4343 261 4378 ffi
273 4343 349 4408 Cyzici
372 4345 396 4392 ia
420 4339 569 4406 Prytaaeum]
604 4339 714 4405 Prytanei
745 4353 839 4391 tansum
857 4341 942 4391 Latine
960 4343 1123 4407 interpretatur
1138 4343 1249 4403 penetrale

209 4407 345 4473 Syracusani
364 4408 479 4460 meminit.
501 4405 553 4459 Cic.
569 4407 595 4458 ia
610 4403 678 4458 Verr.
696 4407 713 4457 1.
745 4409 814 4458 artri.
847 4403 916 4460 Quod
934 4406 1020 4474 adjicit,
1036 4405 1126 4472 publice
1137 4406 1168 4456 ibi
1178 4406 1248 4464 vesci,
