3184 5225
485 376 562 437 LIB.
575 366 684 437 xblv.
708 376 790 440 ΟΑΡ.
803 378 875 437 VlIl
1143 384 1199 454 ¹27

148 534 259 596 cundia
286 532 393 595 castris
422 534 557 616 pervenit
583 535 621 597 ad
649 528 768 596 Dium:
800 531 969 617 metarique
996 537 1025 575 ⁴⁹
1040 537 1096 598 sub
1129 537 1197 620 ipso
1212 550 1358 604 memes·

149 621 281 703 templo,
295 638 335 680 ne
349 618 423 701 quid
437 638 524 682 sacro
539 623 570 682 in
583 621 653 682 loco
665 622 840 697 violaretur,
851 620 951 701 jussit.
995 618 1072 703 lpse,
1087 626 1196 686 urbem
1211 621 1242 670 A.
1254 620 1284 668 ⁰·
1298 616 1353 693 {⁶⁹0

150 708 316 791 ingressus,
331 706 410 767 sicut
424 726 486 768 non
501 724 656 789 magnam,
678 709 721 768 ita
736 718 915 769 exomatam
938 709 966 745 ⁴⁸
978 708 1106 787 publicis
1122 710 1199 773 locis
1212 683 1353 811 &¹35¹ss³

149 806 186 856 et
209 791 441 855 “multitudine
463 804 643 870 statuarum,
664 793 876 872 munitamque
899 794 1031 873 egregie,
1052 795 1104 855 vix
1126 798 1199 860 satis

152 878 288 958 credere,
311 878 342 939 in
370 879 464 939 tantis
491 880 579 940 rebus
609 880 674 939 sine
700 894 807 939 caussa
835 878 947 938 relictis
973 895 1037 940 non
1066 882 1199 962 aliquem

153 966 278 1026 subesse
305 962 419 1025 dolum.
473 962 577 1025 Unum
605 964 686 1024 diem
716 964 756 1023 ad
782 963 971 1044 exploranda
993 965 1075 1026 circa
1098 970 1203 1031 omnia

153 1062 303 1128 moratus,
321 1061 419 1111 castra
433 1060 553 1111 movet:
579 1049 711 1131 satisque
736 1048 874 1126 credens,
896 1060 1035 1131 paratam
1060 1051 1205 1116 humenti

152 1138 278 1219 copiam
306 1134 381 1213 fore,
412 1156 448 1195 eo
480 1135 529 1197 die
556 1134 595 1196 ad
621 1154 742 1196 munem
766 1135 890 1196 nomine
917 1132 1018 1217 Mityn
1048 1141 1205 1219 processit.

153 1220 283 1284 Postero
309 1221 357 1282 die
386 1240 571 1303 progressus,
602 1220 751 1302 Agassam
773 1220 891 1300 urbem,
920 1221 1110 1284 tradentibus
1138 1246 1205 1287 sese

151 1309 240 1391 ipsis,
267 1307 404 1389 recepit:
437 1319 478 1386 et,
503 1318 539 1369 ut
563 1307 747 1388 reliquorum
771 1304 978 1369 Macedonum
1004 1309 1122 1369 animos
1147 1312 1204 1372 sibi

152 1394 345 1471 conciliaret,
359 1392 513 1455 obsidibus
528 1404 700 1471 contentus,
722 1393 788 1453 sine
814 1392 952 1474 prasidio
978 1395 1146 1475 relinquere
1170 1416 1204 1458 se

152 1480 199 1541 eis
215 1482 333 1557 urbem,
356 1480 553 1560 inmunesque
567 1500 604 1541 ac
619 1480 679 1541 suis
694 1478 813 1559 legibus
826 1480 969 1558 victuros,
981 1490 1028 1541 est
1040 1481 1205 1562 pollicitus.

152 1562 336 1649 Progressus
351 1565 422 1629 inde
437 1562 498 1628 diei
513 1568 581 1644 iter,
604 1564 642 1627 ad
657 1564 827 1627 Ascordum
842 1566 954 1627 flumen
969 1568 1069 1649 posuit
1083 1579 1204 1629 castras

154 1662 198 1730 et,
224 1656 253 1691 ⁴⁵
267 1664 414 1733 quantum
438 1654 618 1734 procederet
642 1651 762 1731 longius
789 1648 989 1729 a'l'bessalia
1005 1672 1042 1713 eo
1056 1652 1203 1735 majorem

155 1756 259 1800 rerum
286 1739 422 1801 omnium
449 1739 585 1821 inopiam
611 1738 754 1815 sentiens,
777 1756 926 1818 regressum
951 1738 990 1799 ad
1004 1734 1109 1799 Dium
1136 1739 1340 1820 est31¹²0ri¹¹r

156 1823 351 1887 dubitatione
378 1824 518 1885 omnibus
542 1835 675 1901 exenta,
699 1822 772 1905 quid
795 1823 960 1885 intercluso
984 1826 1022 1885 ab
1044 1808 1289 1888 'lbcssaliam‘

153 1909 338 1992 patiendum
365 1910 481 1988 finisset,
512 1911 559 1971 cui
591 1910 695 1992 procul
723 1910 793 1971 inde
824 1910 986 1972 abscedere
1013 1922 1113 1972 tutum
1142 1928 1205 1973 non

152 2006 249 2058 esset.
276 1995 410 2074 Perseus,
420 1997 586 2059 contractis
598 1997 629 2058 in
640 2015 734 2057 unum
750 1996 891 2056 omnibus
902 1996 1000 2077 copiis
1010 1997 1207 2080 ducibusque,

153 2080 316 2163 increpare
331 2082 490 2165 praefectos
506 2083 723 2165 praesidiorum,
746 2092 819 2143 an'te
832 2099 939 2143 omnes
954 2081 1206 2163 Asclepiodotum

152 2179 251 2249 atque
267 2166 435 2251 Hippiam:
468 2169 507 2229 ab
531 2169 578 2230 his
605 2168 707 2229 dicere
732 2167 865 2229 claustra
879 2166 1072 2229 Macedonia
1093 2170 1208 2231 tradita

152 2251 308 2315 Romanis
323 2274 412 2317 esser
443 2253 529 2335 cujus
553 2253 648 2335 culpae
672 2272 740 2315 reus
764 2274 856 2315 nemo
873 2252 996 2335 justius,
1023 2272 1114 2333 quam
1131 2255 1208 2337 ipse,

151 2338 276 2402 sitisset.
321 2338 446 2400 Consuli
471 2351 634 2422 postquam
659 2360 697 2401 ex
723 2340 787 2400 alto
810 2350 975 2421 conspecta
997 2340 1102 2400 classis
1122 2360 1208 2422 spem

151 2424 245 2502 feeit,
272 2444 342 2485 eum
372 2436 546 2486 commeatu
581 2443 670 2487 naves
698 2426 812 2501 venire,
842 2425 960 2503 (ingens
989 2424 1071 2485 enim
1098 2427 1208 2487 caritas

151 2528 289 2573 annonae
305 2530 341 2571 ac
356 2528 453 2589 prope
473 2509 578 2591 inopia
599 2510 676 2587 erat)
694 2511 733 2571 ab
749 2510 876 2570 invectis
886 2506 952 2587 jam
967 2520 1089 2589 portum
1112 2512 1208 2588 audit,

152 2594 313 2658 onerarias
328 2613 419 2656 naves
434 2592 601 2676 Magnesiae
616 2594 827 2656 relictasesse.
871 2593 991 2656 Incerto
1014 2594 1097 2674 inde,
1117 2596 1208 2676 quid·

154 2698 228 2743 nam
247 2679 401 2761 agendum
416 2679 506 2755 foret,
525 2679 616 2759 (adeo
631 2681 698 2740 sine
711 2679 774 2740 ulla
789 2699 848 2760 ope
864 2680 960 2740 hostia
975 2697 1041 2761 quae
1060 2682 1209 2764 adgrava-

156 2779 213 2845 ret,
233 2783 303 2828 cutn
319 2766 387 2847 ipsa
401 2764 579 2826 difficultate
594 2783 694 2826 rerum
716 2765 915 2846 pugnandum
939 2765 1017 2846 erat)
1041 2787 1207 2851 peroppor·
1320 2810 1324 2816 ·

157 2865 232 2914 tune
263 2851 357 2913 litera
387 2872 406 2911 a
431 2847 486 2933 sp.
513 2849 654 2912 [auretio
679 2849 787 2913 adlatae
811 2862 901 2913 sunt:
925 2853 1052 2914 castella
1072 2874 1116 2931 se,
1140 2873 1207 2936 quae

157 2955 251 3021 super
263 2934 381 3019 Tempe
396 2949 500 2999 assent
514 2947 547 2998 et
560 2937 643 2998 circa
667 2933 784 3016 Philan,
809 2947 913 3000 tenere
934 2939 1050 3016 omnia,
1072 2940 1208 3003 frumen·

157 3026 244 3106 tique
259 3023 289 3084 in
301 3023 338 3084 iis
354 3034 386 3084 et
399 3023 526 3084 aliarum
541 3023 572 3085 in
588 3043 675 3084 usum
690 3043 789 3085 rerum
805 3025 925 3106 copiam
941 3025 1098 3089 invenisse.

200 3105 289 3170 Vlll.
311 3107 368 3170 His
383 3129 569 3191 magnopere
584 3109 668 3172 huis
683 3109 788 3172 consul
803 3111 843 3171 ab
854 3108 915 3170 Dio
931 3111 971 3172 ad
987 3109 1095 3173 Philan
1112 3113 1207 3193 ducit,
1219 3125 1373 3180 Druantia-

162 3193 254 3254 simul
267 3205 302 3254 ut
316 3195 485 3275 praesidium
501 3194 567 3276 ejus
582 3195 725 3273 limaret,
747 3196 837 3256 simul
852 3205 886 3258 ut
905 3196 996 3256 militi
1011 3197 1207 3278 frumentum,
1220 3192 1277 3258 ‘1¹¹³‘-

163 3277 251 3358 cujus
276 3279 362 3340 tarda
380 3281 536 3343 subvectio
562 3291 639 3359 crat,
664 3280 821 3343 divideret.
863 3280 912 3342 Ea
926 3280 1078 3362 profectio
1093 3283 1208 3348 famam

161 3363 399 3446 haudquaquam
421 3367 588 3428 secundam
611 3366 729 3429 habuit.
754 3385 827 3425 nam
851 3366 914 3443 alii,
939 3377 1025 3427 metu
1050 3371 1209 3434 recessisse

163 3466 233 3512 eurn
261 3449 300 3510 ab
324 3451 421 3531 hoste,
444 3452 591 3529 ferebant,
607 3451 677 3533 quia
703 3451 878 3512 “manenti
904 3451 1078 3533 imperatori
1101 3457 1208 3538 proelio

162 3533 370 3598 dimicandum
384 3537 483 3600 foretr
507 3537 557 3600 alii
581 3541 608 3584 ⁴⁷
620 3537 771 3618 ignarum,
785 3536 857 3598 belli
872 3558 938 3618 qua
953 3538 985 3600 in
1001 3539 1064 3601 dies
1087 3542 1209 3606 fortuna

160 3634 285 3684 nosmet
293 3643 305 3700 3
327 3633 363 3685 ut
376 3623 659 3707 qui,obferentibus
674 3643 740 3684 sese
755 3623 853 3703 rebus,
869 3624 1021 3686 omisisset
1034 3645 1053 3686 e
1066 3629 1209 3692 manibus

193 3767 216 3802 θ
233 3767 338 3830 aalma
355 3769 669 3838 tupb1'raaplunlovia
700 3781 764 3820 retus
786 3782 812 3820 et
833 3769 963 3822 &onorius
982 3785 1099 3837 reponam
1121 3785 1209 3836 monto.

161 3831 272 3894 insilire,
287 3835 487 3898 eujmmbmam
501 3837 668 3903 oprecedea·
700 3836 746 3885 Sed
768 3837 823 3900 quid
840 3848 904 3885 vetat
923 3837 966 3886 dici
1073 3855 1095 3885 m
1118 3839 1213 3903 longius,

163 3897 292 3945 dementia
301 3899 417 3951 sanaem
700 3902 892 3966 qmraadmodum
901 3901 988 3968 apud?
1038 3917 1211 3965 umquamne·

196 3961 242 3995 θ’
254 3961 353 4012 Publicis
363 3965 426 4030 lotia]
441 3965 525 4015 Oualla
541 3975 595 4015 ttmt
610 3965 667 4031 fon,
698 3969 734 4030 gia
754 3967 856 4015 mrum
870 3968 974 4016 rimula?
999 3965 1118 4015 thirum
1136 3983 1209 4030 ptan-

164 4025 531 4159 pziedtitm'maan]
550 4095 597 4143 vlt
620 4103 662 4144 aar
701 4030 856 4144 &bergam
875 4047 889 4079 ι
1021 4032 1028 4044 ·
1059 4047 1073 4080 ο
1091 4033 1209 4080 madan

164 4150 550 4223 &Mammoneamque
570 4159 669 4208 ‘etln-
731 4157 754 4192 ⁴⁶
770 4160 878 4209 Mutati
892 4158 1030 4222 baprrewn]
1043 4159 1098 4208 vox
1112 4163 1208 4223 inpra-

166 4215 553 4284 ultramuraneum
563 4233 671 4284 turum,
702 4224 984 4274 toriomaiaooriaracat.

167 4291 232 4340 qum
248 4285 349 4334 Perseus
366 4287 391 4335 ia
408 4289 503 4338 cluam
522 4299 672 4352 congesserat,
732 4287 759 4325 ⁴⁷·
771 4288 880 4352 Ignem
897 4290 947 4337 uta
964 4287 1023 4354 quc]
1042 4291 1117 4352 Magis
1129 4292 1209 4354 place·

163 4341 359 4414 aliamquoque
373 4363 498 4403 statuarum
515 4369 562 4404 non
580 4356 668 4405 madio-
699 4354 950 4410 numerandum
966 4368 1048 4404 mam
1067 4355 1156 4418 name,
1172 4358 1208 4420 ig·

165 4422 360 4466 muraenarum
372 4417 609 4470 hurbeDiotuirar.
699 4433 845 4481 maraque
858 4420 1208 4486 bellimdtafmaaanoaarct.

193 4473 218 4510 ⁴⁵
233 4473 479 4546 &aarum
490 4483 588 4552 buius]
609 4484 668 4536 Mu·
700 4483 751 4534 Aut
766 4493 832 4535 cette
846 4484 880 4535 nia
898 4486 1129 4552 erpmeadmloeer,
1145 4482 1207 4547 quad
