3184 5225
289 229 293 239 Ι
365 280 424 337 212
786 272 872 333 TlTl
890 273 992 333 mvn

202 446 235 495 υ.
246 448 275 497 c.
283 450 340 499 sat.
368 428 571 510 plaustrorum
592 426 837 508 ponderibusque
856 427 932 505 auri,
952 425 1081 509 argenti,
1098 425 1267 508 generatim
1288 428 1327 488 ab
1347 426 1414 509 ipso

203 512 275 564 Μ·
287 513 343 562 157.
369 514 500 597 seriptis,
515 514 654 575 efficitur.
706 512 847 576 Alterum
863 526 981 575 tantum
998 514 1096 574 autin
1112 513 1223 575 bellum
1239 514 1412 595 proximum

370 601 554 676 absumtum,
577 613 631 662 aut
654 600 685 661 in
712 598 796 682 fuga,
819 620 912 683 quum
935 598 1156 661 Samothracen
1176 611 1306 682 peteret,
1327 599 1417 661 dissi·

370 699 475 769 patum
496 686 638 749 tradunt:
665 708 767 767 eoque
785 686 818 748 id
840 686 1006 748 mirabilius
1029 696 1104 764 erat,
1120 686 1202 766 quod
1222 698 1343 749 tantum
1360 706 1417 769 pe·

370 772 465 835 cunia
495 774 576 835 intra
599 773 723 855 triginta
748 794 843 834 annos
867 785 938 856 post
960 773 1073 835 bellum
1097 770 1227 855 Philippi
1255 793 1323 833 cum
1350 770 1417 834 Ro·

369 859 478 936 manis,
494 858 604 942 partim
621 880 659 920 ex
678 859 779 922 fructu
802 859 1004 937 metallorum,
1019 860 1130 941 partim
1157 878 1196 920 ex
1215 858 1416 940 vectigalibus

370 946 448 1023 aiis,
464 957 672 1008 coacervatum
693 945 799 1007 fuerat.
855 945 962 1027 ltaque
983 946 1148 1008 admodum
1171 945 1259 1028 inops
1279 945 1415 1027 pecunia

370 1030 538 1115 Philippus,
560 1030 685 1093 Perseus
716 1044 824 1095 contra
852 1032 1006 1114 praedives,
1032 1032 1144 1093 bellare
1174 1048 1241 1094 cum
1264 1028 1413 1092 Romanis

276 1124 283 1143 ¹
369 1117 472 1200 coepit.
529 1114 621 1201 ¹lpse
645 1131 801 1201 postremo
821 1116 942 1180 Paullus
972 1118 1004 1179 in
1030 1138 1117 1179 curru
1144 1138 1296 1199 magnam,
1315 1137 1410 1200 quum

369 1205 519 1287 dignitate
539 1204 599 1266 alia
615 1206 762 1287 corporis,
778 1216 843 1267 tum
858 1216 984 1266 senecta
997 1204 1072 1287 ipsa,
1088 1201 1277 1284 majestatem
1293 1224 1353 1285 prae
1375 1222 1410 1263 se

368 1290 484 1353 ferens:
514 1304 585 1373 post
609 1312 728 1353 currum
752 1292 832 1353 inter
853 1290 929 1352 alios
951 1290 1091 1353 inlustres
1111 1292 1190 1352 viros
1211 1290 1264 1351 filii
1285 1290 1357 1366 duo,
1371 1287 1415 1360 Q.

368 1374 524 1441 Maximus
547 1380 601 1440 'et
627 1376 660 1439 P.
683 1374 807 1461 Scipio:
838 1377 948 1439 deinde
972 1377 1088 1459 equites
1114 1377 1281 1454 turmatim,
1304 1388 1336 1437 et
1358 1396 1415 1437 co·

369 1464 472 1527 hortea
491 1462 626 1548 peditum
650 1464 711 1525 suis
732 1484 857 1546 quaque
878 1463 1047 1526 ordinibus.
1105 1462 1204 1527 Pediti
1224 1464 1256 1527 in
1276 1462 1414 1544 singulos

367 1550 454 1613 ³dati
478 1550 609 1628 centeni,
624 1550 737 1632 duplex
760 1550 940 1629 centurioni,
959 1550 1072 1634 triplex
1092 1550 1197 1632 equiti.
1217 1558 1337 1612 tantum
1357 1569 1415 1630 pe·

368 1636 424 1697 diti
450 1636 590 1699 daturum
618 1637 710 1699 fuisse
736 1637 876 1715 credunt,
892 1648 924 1698 et
949 1648 1098 1721 prorata
1121 1636 1198 1714 aliis,
1222 1636 1247 1697 si
1274 1646 1415 1697 autnon

359 1722 510 1803 refragati
526 1724 632 1785 horrori
657 1720 722 1804 ejus
743 1723 881 1802 fuissent,
896 1735 950 1786 out
968 1724 1110 1805 benigne,
1125 1723 1183 1784 hac
1208 1722 1274 1805 ipsa
1292 1742 1415 1783 summa

367 1810 523 1887 nunciata,
545 1810 779 1873 adclamassent.
837 1807 898 1873 Sed
916 1831 979 1871 non
994 1809 1119 1872 Perseus
1140 1820 1260 1871 tantum
1275 1829 1330 1892 per
1345 1807 1414 1871 illos

367 1893 432 1957 dies
455 1894 672 1959 documentum
694 1896 896 1959 humanorum
917 1918 1043 1959 casuum
1067 1895 1135 1973 luit,
1157 1895 1188 1958 in
1208 1896 1324 1957 catenis
1339 1906 1415 1957 ante

367 2002 485 2043 currum
500 1983 623 2044 victoris
639 1983 725 2044 ducis
740 2004 794 2067 per
819 1984 925 2045 urbem
945 1984 1079 2046 hostium
1095 1981 1221 2059 duetus;
1249 1982 1414 2043 sedetiam

366 2068 462 2131 vietor
488 2066 630 2147 Paullus,¹
645 2090 718 2131 auro
743 2089 936 2153 purpuraque
962 2070 1090 2151 fulgens.
1114 2063 1125 2071 ’
1146 2065 1229 2130 Nam
1253 2067 1367 2128 duobus
1392 2088 1412 2129 e

366 2154 446 2233 filiis,
469 2175 554 2236 quos,
580 2155 697 2217 duobus
713 2154 792 2217 datis
817 2157 849 2217 in
874 2156 1083 2239 adoptionem,
1098 2153 1179 2218 solos
1203 2153 1344 2232 nominis,
1359 2173 1410 2214 sa·

367 2262 498 2319 crorum,
517 2241 697 2323 familiaque
721 2242 855 2303 haeredes
876 2243 1042 2305 retinuerat
1064 2242 1159 2318 domi,
1183 2242 1293 2319 minor,
1315 2239 1411 2302 ferme

368 2328 530 2390 duodecim
560 2349 656 2389 annos
685 2340 785 2407 natus,
816 2328 949 2410 quinque
977 2328 1082 2390 diebus
1111 2339 1183 2391 aute
1213 2328 1414 2409 triumphum,

366 2411 475 2495 major,
493 2414 722 2495 quatuordecim
750 2434 910 2493 annorum,
930 2415 1032 2495 triduo
1055 2426 1124 2498 post
1146 2415 1333 2499 triumphum
1357 2412 1414 2476 de·

366 2498 475 2561 cessit:
506 2520 582 2581 quos
604 2511 800 2583 praetextatos
824 2522 913 2562 curru
938 2501 1005 2564 vehi
1030 2522 1099 2564 cum
1124 2514 1222 2585 patre,
1245 2502 1302 2563 sibi
1329 2501 1413 2585 ipsos

366 2584 478 2649 similes
498 2586 748 2670 praedestinantes
771 2587 953 2673 triumphos,
977 2600 1164 2673 oportuerat.
1211 2587 1317 2651 Paucis
1338 2598 1412 2672 post

366 2672 481 2751 diebus,
502 2673 575 2736 data
601 2695 620 2735 a
643 2672 690 2736 M.
704 2674 842 2737 Antonio
869 2676 991 2739 tribuno
1015 2676 1113 2759 plebis
1136 2676 1293 2753 concione,
1316 2695 1413 2756 quum

367 2757 405 2820 de
429 2759 489 2820 suis
512 2761 601 2822 rebus
624 2762 718 2843 gestis
733 2783 817 2825 more
837 2773 1006 2825 ceterorum
1021 2764 1235 2845 imperatorum
1251 2761 1413 2822 disseruis-

366 2854 422 2923 set,
437 2847 642 2909 memorabilis
657 2843 721 2929 ejus
737 2849 835 2911 oratio
851 2861 883 2911 et
901 2849 995 2933 digna
1008 2848 1150 2911 Romano
1164 2847 1297 2930 principe
1312 2847 1383 2909 fuit.

201 2945 282 3022 orato
292 2942 337 2993 Ε·
410 2929 491 2994 XLI.
511 2931 724 3015 ‘Quamquam
736 2948 768 2997 et
780 2957 872 3018 quarn
886 2937 1014 2999 feliciter
1029 2935 1244 3020 rempublicam
1259 2931 1412 2994 adminis-

201 3009 260 3059 mun
271 3011 298 3060 *ἃ
309 3025 352 3076 1¹⁰·
365 3017 376 3052 ‘
391 3019 543 3096 traverim,
555 3024 567 3058 ⁴
578 3031 610 3082 et
625 3022 708 3102 quod
722 3021 784 3083 dno
799 3022 928 3084 fulmina
942 3023 1067 3084 domurn
1088 3043 1187 3084 meam
1202 3041 1255 3104 per
1269 3019 1327 3081 hos
1341 3019 1412 3080 dies

200 3077 289 3142 ΡΜ·
364 3106 584 3190 ‘perculerint‚
593 3127 654 3168 non
664 3107 804 3190 ignorare
813 3109 1030 3190 vos,Quirites,
1039 3109 1280 3190 arbitror,quum
1288 3115 1413 3190 specta·

403 3254 473 3320 ¹lpee
498 3266 600 3318 pestremo
623 3254 731 3322 Paullus]
765 3258 872 3306 Fortasse
904 3271 983 3323 postea
1001 3257 1034 3307 τὰ
1051 3259 1162 3307 Summers
1178 3257 1247 3304 omnis
1262 3256 1343 3317 eoptini
1359 3256 1416 3302 ouri

366 3320 418 3384 qula
440 3321 562 3370 crediderit
582 3337 624 3372 aot
646 3321 716 3370 nimis
737 3325 872 3372 emendandi
904 3326 992 3390 argenti
1003 3359 1010 3373 .
1023 3356 1029 3371 .
1042 3325 1139 3373 &ellare
1155 3339 1206 3370 erras
1220 3319 1325 3368 nomano
1340 3322 1415 3382 erepit.

365 3387 601 3498 pruriqhipequborsre.
644 3387 689 3498 Spd
705 3389 872 3501 temerpbtredi·
904 3388 1139 3502 pudetpndliemus
1155 3389 1183 3435 sd
1199 3385 1327 3435 herverus
1339 3383 1417 3433 Pediti

366 3465 418 3497 mus
450 3466 496 3500 reo
523 3467 657 3500 memnona
670 3467 756 3501 ronna
783 3469 872 3502 rrsrns
904 3471 955 3503 uso
1014 3471 1045 3503 oe.

365 3527 497 3579 corruptum
520 3533 580 3566 esse.
624 3517 729 3566 Secundo
750 3519 813 3567 eninr
834 3520 872 3568 dia
936 3521 947 3554 ¹
1008 3517 1038 3568 P.
1052 3517 1134 3583 Scipio]
1164 3517 1307 3567 Pmomen
1327 3515 1414 3580 sdJecit

307 3595 313 3604 ·
364 3579 499 3629 translatum
515 3582 590 3631 suerat
605 3597 686 3630 surum
702 3594 727 3632 et
742 3593 872 3644 argentum.
904 3583 1018 3646 Sigonius.

363 3643 445 3694 Tertio
456 3646 552 3695 Perseus
568 3659 591 3695 et
610 3647 692 3713 captivi
708 3661 761 3697 snte
777 3665 870 3698 currum
935 3648 1014 3698 ³Don‘
1033 3647 1128 3715 amens]
1155 3645 1231 3697 Deest
1251 3664 1295 3696 sor
1320 3647 1418 3696 denarii.

362 3711 454 3760 victoris
471 3713 534 3760 ducti
552 3723 614 3762 sunt.
659 3713 730 3773 igitur
748 3709 871 3765 verisimile
904 3713 1015 3763 Cententi
1030 3715 1117 3765 denarii
1134 3727 1189 3763 suat
1204 3714 1281 3764 uneioe
1299 3724 1414 3761 aostmtes

362 3787 410 3824 non
428 3788 474 3838 est,
489 3778 578 3826 Livium
593 3787 643 3842 post
659 3780 801 3827 mentionem
815 3779 870 3828 Per·
901 3780 1021 3829 duodecim
1038 3797 1091 3830 cunr
1107 3779 1234 3830 umnscie.
1278 3779 1307 3827 ln
1320 3779 1414 3842 iisqrae

362 3841 396 3887 sei
416 3841 508 3899 senem,
533 3855 654 3906 antequam
678 3844 707 3892 de
730 3844 810 3892 Paullo
831 3847 870 3909 qni
901 3845 1413 3909 sequnntur,menrimurGroaovioetMa·

361 3906 465 3966 proxime
483 3909 621 3971 sequebatur
639 3909 734 3967 diceret,
751 3911 869 3974 reliquisse
901 3923 953 3958 reto
962 3911 1134 3974 reponentibus,
1141 3913 1236 3959 ulwurm
1247 3919 1335 3958 tantm
1342 3907 1415 3971 pediti

362 3967 537 4034 descriptionem
564 3973 689 4022 incedentis
718 3990 817 4040 pompae,
841 3989 869 4026 ut
901 3977 1006 4024 dolueram
1015 3978 1083 4035 fuisse
1093 3977 1276 4037 moranno
1286 3975 1412 4021 monilis.-

362 4031 392 4080 de
421 4050 508 4112 summe
539 4039 589 4086 ruri
616 4040 748 4104 argentique
776 4043 870 4106 eaprivi,
901 4040 1084 4098 idest,ducenas
1092 4041 1344 4105 pediti,qusdrinqenos
1353 4051 1411 4084 een·

362 4098 423 4172 quod
434 4100 506 4162 pridie
521 4104 653 4153 translatum
668 4105 753 4166 fueret,
763 4107 792 4154 de
810 4108 868 4155 divi·
899 4106 995 4163 turiani,
1008 4119 1159 4156 tercentenos
1170 4105 1250 4167 equiti.
1293 4102 1412 4152 Cumiis.

360 4162 400 4208 tris
413 4161 487 4210 Persei
506 4167 676 4226 disserereque
697 4181 749 4220 turn
767 4173 819 4220 deni
836 4189 866 4222 ue
899 4172 951 4218 dem
974 4188 1065 4236 quoque
1086 4172 1182 4233 legimus
1200 4171 1242 4218 luae
1260 4171 1305 4230 iper
1322 4183 1410 4214 nmero

360 4226 389 4302 ad
409 4225 495 4275 l‘allum
512 4244 674 4284 reverteretur.
714 4237 738 4285 Si
771 4190 866 4287 uidlie
895 4239 1052 4296 prooemiare.
1085 4238 1220 4300 Cioeropro
1229 4233 1414 4282 Clueat.n.78.

359 4290 473 4347 ”demun
490 4303 540 4342 tots
553 4297 604 4346 hmo
623 4301 736 4365 periodus,
753 4255 803 4363 lpse
816 4319 865 4364 por·
897 4315 1029 4362 mppresrom
1046 4303 1128 4350 asaal
1150 4317 1175 4350 eo
1196 4301 1323 4361 muamus,
1343 4311 1412 4362 quom

357 4363 427 4402 trena
438 4355 540 4436 Paullus,
548 4377 620 4424 usque
638 4367 666 4413 sd
684 4367 737 4415 bueo
755 4369 825 4415 rerba
843 4375 865 4415 et
894 4367 1158 4427 mrsuprouuncr'orsrt.

357 4419 452 4468 rabones
477 4425 576 4484 peditum
603 4430 648 4476 nris
669 4446 757 4496 quoquo
777 4434 863 4480 ordini·
928 4429 1045 4494 ⁴thuod
1052 4434 1096 4481 duo
1097 4431 1213 4496 jirlsrr'rro]
1229 4427 1319 4480 Merito
1327 4441 1409 4478 emen·

357 4484 404 4545 Μ.
423 4487 552 4552 precedere
573 4490 650 4545 debet.
699 4493 862 4561 Sobjrurgeads
894 4494 933 4548 dat
944 4494 1087 4548 Gronorirss:
1104 4506 1184 4563 etque
1192 4499 1238 4546 duo
1238 4496 1356 4562 semim.
