3184 5225
492 378 570 437 LlB.
584 376 698 439 XLIII.
717 378 801 437 GAP.
815 378 882 437 vlt
1151 393 1207 447 101

161 532 309 616 templum
331 528 424 595 Urbis
446 530 554 595 Romae
575 554 607 595 se
629 531 735 595 iecisse
757 546 1081 613 commemoravenmt,
1102 536 1207 601 ludos·
1222 552 1254 601 u.
1266 552 1295 604 c.
1307 554 1362 605 :aa

160 639 219 701 que
242 618 461 681 anniversarios
481 620 510 681 ei
525 616 611 681 Divae
626 615 812 681 instituisse:
839 630 872 679 et
886 618 913 656 ²⁴
923 638 1069 681 coronam
1084 642 1207 688 auream
1220 619 1290 675 Μ·
1303 620 1357 669 ¹⁷⁰·

160 704 381 787 quinquaginta
392 704 508 788 pondo,
524 725 616 787 quam
631 705 662 766 in
674 700 830 786 Capitolio
842 716 1001 784 ponerent,
1012 707 1125 771 donum
1137 709 1206 771 lovi
1219 682 1349 799 ljffffi

159 792 279 872 optimo
301 790 448 869 maximo,
466 792 622 870 adtulisse,
643 801 676 853 et
697 802 785 851 scuta
807 791 959 870 equestria
980 802 1132 872 trecenta:
1159 816 1207 877 ea,
1220 826 1273 863 a..

159 877 210 963 cui
222 874 395 958 jussissent,
411 877 585 939 tradituros.
625 874 754 939 Donum
768 887 804 937 ut
818 875 850 935 in
864 874 1022 958 Capitolio
1035 900 1160 963 ponere,
1175 895 1208 945 et

160 960 332 1025 sacrificare
353 963 469 1043 liceret,
493 964 650 1045 petebant.
707 966 735 1001 ²⁵
749 958 820 1023 Hoc
844 958 1057 1045 Lampsaceni,
1081 969 1207 1030 'lomo-

158 1048 249 1129 ginta
262 1048 365 1130 pondo
387 1070 531 1113 coronam
554 1046 735 1127 adferentes,
749 1047 909 1129 petebant,
924 1065 1207 1134 commemorantes,
1271 1080 1275 1089 ¹

158 1130 367 1197 ‘Discessisse
392 1156 425 1197 se
455 1158 483 1221 a¹
496 1134 617 1213 Perseo,
643 1146 806 1217 postquam
822 1132 980 1197 Romanus
1002 1138 1152 1201 exercitus
1174 1142 1206 1201 in

157 1219 173 1251 ‘
186 1217 402 1283 Macedoniam
415 1222 558 1301 venisset,
572 1241 663 1302 quum
679 1220 734 1283 sub
749 1220 864 1281 ditione
876 1216 987 1298 Persei,
1001 1234 1034 1283 et
1048 1235 1120 1287 aute
1133 1224 1205 1287 Phi·

157 1304 170 1338 ‘
185 1304 259 1389 lippi
276 1306 413 1371 fuissent.
458 1306 516 1369 Pro
530 1328 578 1385 eo,
589 1322 621 1371 et
632 1307 715 1389 quod
730 1307 963 1389 imperatoribus
973 1305 1121 1371 Romanis
1136 1331 1204 1373 om-

158 1390 238 1453 ‘nia
252 1392 474 1475 praestitissent,
490 1394 521 1455 id
537 1414 569 1455 se
585 1404 705 1455 tantum
720 1413 817 1475 orare,
831 1405 864 1454 ut
878 1392 908 1453 iu
924 1392 1091 1457 amicitiam
1099 1398 1204 1479 populi

60 1476 68 1485 '
157 1476 170 1509 ‘
187 1476 319 1541 Romani
335 1480 552 1564 reciperentur:
577 1491 619 1556 et,
634 1478 660 1539 si
675 1499 737 1561 pax
758 1498 829 1540 curn
844 1476 954 1539 Perseo
968 1478 1065 1559 fieret,
1081 1484 1204 1565 excipe·

158 1562 301 1643 ‘rentur,
323 1569 350 1612 ²⁷
360 1586 399 1628 ne
421 1567 453 1628 in
474 1566 590 1648 regiam
604 1576 788 1648 potestatem
807 1562 1033 1646 reciperentur!
1086 1566 1205 1630 Ceteris

158 1648 270 1730 legatis
285 1653 414 1733 comiter
428 1672 620 1736 responsum3
643 1648 868 1733 Lampsacenos
882 1650 915 1712 in
926 1651 1078 1715 sociorum
1090 1653 1205 1717 formu·

158 1734 223 1796 lam
239 1737 349 1799 referre
361 1738 400 1809 Q.
412 1736 541 1801 Maenius
553 1750 663 1820 prator
673 1735 785 1818 jussus.
800 1757 927 1798 munera
940 1738 1080 1801 ornnibus
1095 1740 1127 1800 in
1141 1741 1205 1802 sin·

158 1820 248 1901 gulos
262 1824 370 1887 binum
393 1826 521 1888 millium
543 1824 609 1887 aeris
623 1824 705 1886 data.
756 1823 985 1886 Alabandenses
1000 1836 1087 1887 scuta
1102 1847 1205 1909 repor-

159 1918 227 1968 tare
251 1909 290 1969 ad
311 1910 352 1971 A.
368 1909 536 1973 Hostilium
559 1910 714 1973 consulem
737 1908 768 1969 in
784 1905 1002 1970 Macedoniam
1019 1908 1108 1991 jussi.
1165 1911 1207 1975 lit

159 2012 199 2055 ex
220 1992 325 2055 Africa
354 1995 445 2077 legati
468 1997 594 2059 ¹⁸simul
618 1994 930 2077 Karthaginiensium,
952 1996 1221 2073 ²⁹tritici„decies‚

159 2091 284 2142 centum
308 2080 403 2143 millia
424 2093 456 2144 et
473 2082 618 2144 ³⁰lrordei
633 2082 802 2165 quingenta
822 2080 993 2142 indicantes
1014 2069 1208 2167 sq'ad'mare

159 2164 289 2228 devecta
301 2166 424 2244 habere,
440 2179 485 2245 ut,
497 2186 557 2248 quo
572 2179 695 2229 senatus
709 2166 889 2244 censuisset,
902 2165 1110 2248 deportarent.
1120 2162 1130 2207 Γ
1149 2168 1207 2230 ‘ld

158 2249 170 2282 ‘
187 2263 295 2313 munus
311 2253 503 2333 officiumque
518 2272 606 2313 suum
621 2253 698 2313 scire
714 2252 814 2311 minus
828 2271 905 2329 esse,
914 2271 1008 2331 quam
1019 2273 1076 2335 pro
1091 2256 1208 2316 meritis

156 2336 170 2367 ‘
184 2338 290 2418 populi
307 2337 439 2400 Romani
455 2349 487 2399 et
500 2338 656 2399 voluntate
671 2357 740 2398 sua:
767 2336 859 2397 ³1sed
872 2332 959 2420 sape
974 2338 1060 2416 alias,
1074 2340 1162 2401 bonis
1176 2342 1207 2401 in

156 2424 169 2453 ‘
185 2424 275 2483 rebus
290 2424 446 2503 utriusque
458 2422 573 2506 populi,
584 2443 616 2483 se
631 2434 786 2503 gratorum
797 2421 991 2503 fideliumque
1005 2425 1121 2485 socidm
1137 2446 1203 2487 nru-

156 2508 172 2565 ‘.
182 2508 324 2586 neribus,
336 2508 456 2571 functos
472 2505 557 2572 esse.'
613 2506 691 2571 Item
708 2507 879 2569 Masinissa
890 2506 1103 2588 legatistritici
1118 2531 1202 2571 eam-

158 2593 229 2656 dem
245 2615 397 2656 summam
409 2593 546 2676 polliciti,
558 2604 590 2654 et
604 2594 686 2656 mille
702 2604 733 2656 et
745 2592 892 2652 ducentos
903 2593 1031 2672 equites,
1042 2593 1203 2658 duodecim

158 2680 354 2761 elephantos:
379 2693 422 2757 et,
437 2682 462 2741 si
478 2678 552 2760 quid
566 2679 648 2741 aliud
659 2698 735 2760 opus
750 2690 841 2754 esset,
856 2678 900 2738 uti
910 2687 924 2716 ¹
938 2678 1100 2758 imperaret
1114 2702 1204 2743 sena·

158 2779 222 2826 tus:
247 2785 331 2846 seque
346 2785 499 2848 propenso
520 2764 634 2842 animo,
657 2784 692 2826 ac
715 2783 780 2846 quae
802 2763 866 2847 ipse
887 2763 966 2824 ultro
981 2764 1133 2845 pollicitus
1152 2768 1206 2846 sit,

156 2863 368 2933 prestaturum
383 2872 461 2914 esse.
503 2846 617 2933 Gratia
632 2861 664 2912 et
675 2847 978 2940 Karthaginiensibus
990 2861 1023 2912 et
1035 2852 1202 2938 regi·actae;

157 2938 331 3020 rogatique.
348 2949 384 2999 ut
404 2957 451 3016 ea,
467 2957 532 3018 quse
547 2927 770 3016 pollicerentur,
795 2935 835 2996 ad
856 2931 1025 2998 Hostilium
1047 2939 1216 3000 consulem.

158 3023 190 3083 in
202 3021 418 3086 Macedoniam
430 3023 637 3106 deportarent.
680 3019 802 3103 legatis
817 3021 849 3082 iu
863 3020 999 3102 singulos
1010 3021 1117 3084 binum
1132 3025 1202 3087 mil·

158 3109 234 3170 lium
248 3109 314 3170 aeris
328 3130 454 3171 munera
468 3110 571 3171 missa.

203 3191 275 3254 Vll.
298 3193 485 3258 Cretensium
508 3195 626 3276 legatis,
649 3193 969 3271 commemorantibus,
990 3213 1035 3271 se,
1055 3207 1203 3273 quantum

158 3278 219 3340 sibi
250 3278 426 3362 imperatum
448 3303 469 3342 a
489 3279 521 3343 P.
538 3277 657 3342 Licinio
680 3277 803 3340 consule
825 3290 906 3340 esset
919 3278 1157 3358 sagittariorum,
1171 3281 1204 3340 in

577 3418 589 3445 ⁸
599 3420 625 3457 ut
636 3408 708 3456 Grou.
718 3407 786 3456 Cres.

190 3516 212 3550 ²⁴
224 3513 330 3565 Coronam
342 3533 430 3566 orirerur
440 3519 599 3581 quinquaginta
608 3531 662 3576 porr·
694 3510 805 3561 modium·
823 3483 916 3560 Medios
923 3523 1035 3561 nostrates
1040 3513 1091 3578 plus
1099 3516 1206 3565 385416.

155 3579 195 3643 do]
214 3581 346 3630 Marsorum
358 3585 494 3632 nostratium
504 3584 543 3630 78.
555 3581 627 3628 unciae
641 3583 663 3627 l.
725 3577 845 3656 {floret
860 3577 989 3640 quingenta]
1012 3577 1150 3655 Conjectura
1165 3579 1202 3626 st-

170 3644 208 3721 ·¹⁵
221 3645 270 3692 Hoc
289 3647 441 3712 lampacem]
466 3645 547 3726 'Recte
569 3645 661 3694 Grono·
694 3657 763 3718 gqnu.
794 3641 868 3689 lictus
877 3641 1201 3707 eremplubrburtqorrqrro-

155 3709 586 3840 ”uillolldglilrlohpdlpddlmlldsrcsrum
598 3773 661 3824 Pari-
692 3715 802 3818 gropp&
816 3786 868 3831 :epa
883 3769 950 3833 ulios]
973 3769 1035 3819 Hac
1051 3786 1105 3819 saue
1120 3785 1201 3834 parurn

152 3837 263 3888 tiernium
278 3842 330 3888 125.
695 3834 876 3882 coherentcum
887 3833 972 3897 iisque
983 3837 1127 3899 precedunt.
1154 3833 1201 3881 Ta·

188 3903 209 3938 ‘²⁷
224 3903 258 3952 Ne
269 3907 293 3951 irr
307 3906 389 3968 regim
402 3913 524 3966 potestator:
538 3903 662 3964 reciperen·
695 3915 747 3947 men
760 3915 878 3964 posumus
894 3900 925 3946 ita
940 3901 1052 3964 sempera
1066 3911 1093 3946 ut
1104 3898 1202 3946 Carrha-

155 3965 660 4082 urem,
692 3965 1202 4077 :serumserum

153 4033 444 4162 potirallldleletrlllldlrnlla
455 4050 571 4148 ermoldge.
602 4048 660 4145 lior.
693 4095 823 4158 quodsaepe
834 4044 1058 4170 &adduntque
1072 4107 1148 4142 essem
1162 4059 1203 4142 red

153 4163 234 4210 tersis:
252 4163 321 4227 legati
335 4163 626 4226 siorulcortboginiensiurn
639 4171 659 4210 et
692 4159 810 4222 utriusque
839 4158 926 4222 populr,
953 4158 1056 4206 fidelium
1087 4160 1200 4208 sationum

154 4225 275 4304 Mpsiaisrae
296 4238 416 4278 mount:
439 4227 660 4292 Carthaginiensium,
693 4225 792 4272 offitium
822 4224 917 4299 alscrior
944 4223 1105 4287 impleverint:
1138 4239 1200 4271 nunc

154 4301 298 4406 lmgllllrllci
308 4357 378 4406 dacia:
387 4366 473 4407 centurn
483 4355 563 4418 millio]
585 4355 659 4404 Neur-
693 4305 764 4402 ldlldll
780 4289 1012 4413 lllllalillilsnaslertllllil
1021 4289 1200 4420 odmlrllilddmsae

152 4435 183 4482 pe
205 4423 314 4474 modium.
357 4423 451 4472 Medios
466 4434 578 4470 nostrates
593 4421 661 4484 paulo
693 4429 881 4485 ponepratare.

151 4483 204 4548 plut
221 4489 323 4540 770833.
356 4485 441 4538 Hordei
456 4491 575 4552 qrringerrto
591 4486 661 4534 millia
