3184 5225
398 366 436 420 94
588 355 672 418 ΤΙΤΙ
692 352 792 415 mvl!
812 354 890 413 bili.
905 354 1002 416 xbll.
1022 352 1104 412 CAP.
1119 352 1244 413 txvlt.

229 523 372 577 usuam.
395 515 568 579 ”duorma
586 511 712 590 talanta,
733 508 1099 594 semestra-stipendium,
1122 508 1271 592 equitatui
1292 524 1446 593 numerat,

227 588 302 701 &⁰2
315 592 371 703 Ἢ·
395 600 635 687 ”quamprimo
650 617 784 661 annuum
795 597 869 661 dare
879 596 1095 659 constituisset.
1140 596 1267 676 Consul,
1279 610 1443 681 postquam

227 668 336 767 pff„
355 682 367 695 ”
394 690 565 773 profectum
584 682 696 746 Persea
715 682 845 761 audivit,
860 683 900 745 ad
914 680 1058 745 Gonnum
1081 694 1184 745 eastra
1209 695 1323 764 movet
1344 686 1369 749 si
1384 707 1444 770 po-

228 784 327 836 tentes.
394 776 444 837 siri
468 771 586 855 oppido
610 779 724 853 posset.
780 767 865 831 Ante
889 770 957 851 ipsa
975 767 1096 851 Tempe
1120 769 1151 830 in
1175 768 1313 833 saucibus
1338 772 1443 851 situm,
1483 792 1492 803 ·

394 857 586 922 Macedonia
607 856 739 919 claustra
760 855 912 918 tutissima
927 854 1051 939 prabet,
1071 866 1104 917 et
1124 855 1156 917 in
1177 854 1370 919 'lbessaliam
1385 879 1442 941 op·

383 957 559 1029 'portarum
574 939 799 1005 Macedonibus
814 941 982 1005 decursum.
1037 940 1140 1012 Quum
1156 953 1188 1004 et
1203 942 1272 1005 loeo
1292 955 1325 1006 et
1337 946 1442 1023 prasi·

393 1032 446 1093 dio
466 1028 569 1092 valido
591 1033 618 1069 ⁸⁴
630 1026 874 1110 lnexpugnabilis
893 1048 941 1091 res
961 1040 1052 1107 asset,
1070 1028 1190 1091 abstitit
1213 1028 1346 1113 incepto.
1404 1030 1440 1093 ltt

394 1115 596 1199 Parrbrebiam
611 1114 696 1177 flexis
715 1114 884 1195 itineribus,
899 1113 1028 1179 Malloea
1042 1114 1141 1199 primo
1163 1114 1270 1197 inpetu
1290 1128 1381 1200 napta
1402 1136 1439 1179 ae

393 1204 523 1285 direpta,
539 1200 659 1285 Tripoli
681 1198 799 1285 aliaque
821 1199 992 1264 Perrbssbia
1017 1210 1149 1284 recepta,
1165 1198 1316 1264 Larissam
1337 1203 1440 1266 rediit.

392 1290 466 1352 inde
494 1287 633 1350 Iiumene
661 1300 754 1370 atque
782 1287 890 1351 Attalo
917 1287 1043 1351 domum
1073 1287 1217 1366 remissis,
1246 1286 1440 1371 Misagenem

391 1372 602 1458 Numidasque
623 1374 656 1435 in
678 1374 807 1436 hibema
825 1370 857 1436 br
881 1374 1028 1457 proximis
1041 1371 1216 1435 'Thessalis‘
1238 1374 1362 1437 urbibus
1377 1376 1440 1437 dis-

392 1461 506 1525 tribuit.
529 1472 562 1523 et
576 1472 695 1543 partem
711 1461 863 1523 exereitus
881 1460 926 1523 ita
941 1480 993 1541 per
1009 1471 1106 1523 totam
1121 1458 1312 1523 Thessaliam
1329 1462 1440 1540 divisit,

392 1557 427 1609 nt
449 1559 482 1611 at
502 1547 631 1611 biberna
643 1546 809 1624 commoda
822 1566 928 1609 omnes
943 1547 1100 1625 haberent,
1115 1557 1148 1607 et
1161 1544 1302 1629 prasidio
1315 1548 1439 1611 urbibus

391 1644 503 1697 essem.
555 1633 595 1704 Q.
609 1631 751 1695 Munium
769 1633 904 1715 legatum
923 1650 993 1697 uum
1009 1633 1127 1695 duobus
1147 1632 1281 1697 millibus
1301 1632 1342 1695 ad
1356 1635 1438 1697 obti-

390 1720 524 1783 nendsm
534 1718 840 1795 Ambraciamunisit.
882 1716 1055 1781 Gracarum
1070 1718 1237 1781 eivitatium
1256 1720 1355 1783 socios
1370 1742 1439 1783 om-

297 1834 300 1838 ·
390 1825 445 1873 nes
458 1817 567 1889 praeter
580 1805 711 1868 Aebrsos
725 1805 851 1869 dimisit.
874 1825 944 1867 eum
965 1805 1115 1867 exercitus
1130 1817 1217 1887 parte
1232 1805 1386 1888 profectus
1406 1807 1438 1869 in

390 1890 542 1955 Aebutiam
567 1890 750 1975 Pastinum,
777 1890 913 1954 Pteleum
938 1889 1093 1953 desertum
1118 1891 1191 1972 tuga
1214 1893 1438 1975 oppidanorum

391 1976 485 2041 diruit
507 1998 527 2039 a
547 1976 766 2057 fundamentis,
782 1977 924 2040 Antmna
944 1977 1101 2041 voluntate
1123 1978 1290 2041 colentium
1314 1980 1437 2063 recepit.

390 2060 441 2125 Au
456 2060 610 2126 Larissam
625 2064 737 2125 deinde
759 2064 926 2126 exereitum
949 2063 1095 2126 admovit.
1115 2064 1186 2125 urbs
1211 2063 1333 2127 deserta
1352 2077 1436 2143 eratr

366 2211 369 2218 ,
390 2149 423 2211 in
442 2168 544 2213 arcem
569 2143 668 2211 omnis
688 2150 853 2212 multitudo
867 2161 1078 2211 concesserat:
1106 2168 1175 2213 eam
1190 2151 1364 2233 obpugnare
1379 2150 1436 2213 ad-

390 2236 535 2316 greditur.
595 2236 688 2299 Primi
718 2237 854 2297 omnium
884 2234 1084 2314 Macedones,
1111 2236 1226 2317 regium
1254 2238 1435 2320 praesidium,

390 2334 475 2385 metu
500 2335 702 2385 excesserant.
726 2323 875 2402 aquibus
901 2319 999 2383 relicti
1026 2322 1171 2405 oppidani
1196 2323 1227 2384 in
1248 2322 1434 2385 deditionem

391 2409 547 2489 extempio
565 2409 702 2470 veniunt.
760 2407 903 2471 Dubitari
925 2407 1007 2485 inde,
1031 2418 1133 2469 utrum
1156 2406 1330 2473 Demetrias
1375 2411 1435 2471 rius

390 2494 599 2574 adgredienda
612 2493 702 2572 soret,
718 2514 757 2556 an
780 2494 811 2555 in
826 2492 949 2557 Boeotia
962 2498 989 2535 ³⁵
1001 2494 1227 2575 adspiciendae¹¹
1242 2516 1301 2559 ras.
1352 2432 1435 2559 bne-

390 2578 474 2656 bani,
487 2579 666 2642 vexantibus
687 2600 741 2643 eos
755 2578 909 2644 Coronreis
917 2590 943 2659 ¹,
958 2580 990 2642 in
1005 2578 1157 2644 Boeotiam
1176 2582 1380 2645 arcessebant.
1396 2582 1436 2646 ad

251 2705 255 2726 .
391 2665 499 2728 borum
521 2685 638 2748 proces,
661 2667 734 2747 quia
751 2667 883 2729 bibernis
908 2668 1008 2752 aptior
1034 2669 1127 2750 regio,
1153 2687 1243 2750 quam
1270 2665 1435 2750 Magnesia

388 2764 467 2833 erat,
482 2753 514 2814 in
529 2751 682 2815 Boeotiam
697 2754 795 2817 duxit.

305 2866 310 2872 ·
442 2899 741 2953 ‘mmmcmcren
806 2903 970 2968 'adipimendae
979 2903 1044 2954 Eaed.
1108 2903 1232 2955 ”Coronen
1242 2903 1383 2972 orcamp.

420 3027 558 3080 ”namn
573 3029 668 3093 trinta]
699 3029 791 3080 Marem
809 3031 896 3096 amenti
929 3032 1030 3083 retritis.

388 3097 626 3225 warlewast
645 3177 746 3210 amanus
771 3163 826 3212 dnm
845 3177 897 3211 son·
929 3098 1065 3214 nosioInrbs.
1162 3097 1224 3166 m]
1240 3100 1434 3164 lammam·

388 3227 502 3290 maian]
521 3225 638 3275 &mone
653 3237 745 3276 tautum
758 3226 897 3290 stipendium
962 3229 1142 3290 ³⁵Adt'pr'sorndn
1156 3228 1202 3292 rsa]
1225 3227 1339 3296 Displioet
1350 3229 1379 3280 rb
1388 3235 1437 3284 rus·-

389 3291 641 3354 numeravit‚qutrnris
655 3291 898 3358 primopoliieituses·
927 3295 1039 3356 piscantia.
1071 3293 1276 3356 ssanputemaet
1291 3299 1436 3358 quemadmo-

388 3367 425 3406 sst
443 3356 588 3434 solidumuiis
606 3357 679 3409 totins
692 3359 745 3406 artai
760 3356 898 3434 mipendhrnt
929 3359 985 3408 dum
996 3373 1061 3423 ηψπ
1077 3375 1098 3408 o.
1109 3361 1150 3410 37.
1182 3359 1239 3409 Iade
1250 3359 1359 3413 Bwtirsr
1373 3373 1437 3428 αἱμα

389 3422 532 3491 monimum
542 3437 578 3474 m.
610 3422 666 3474 Hae
680 3432 811 3476 reametur
821 3422 899 3474 Perses
931 3421 1035 3474 &barm
1045 3424 1231 3488 abnwsjnsss'.
