3184 5225
483 340 646 405 menon.
665 336 840 406 DEPERD.

602 650 740 737 cxv1.

189 856 222 913 0.
241 856 388 915 Cesarea
408 855 558 937 Hispania
571 859 706 937 quintum
720 855 899 936 triumplnm
919 856 990 934 eqit.
1029 856 1084 928 Bt,
1098 876 1202 936 quum.

142 932 269 1010 plurimi
291 935 467 1013 maximique
492 936 611 995 honores
635 936 663 993 ei
683 956 702 995 a
723 945 828 995 senatu
849 936 961 994 decreti
981 942 1086 1006 essent,
1107 936 1185 992 inter

147 1030 221 1087 quos
234 1020 268 1069 ut
282 1011 368 1069 Pater
383 1012 489 1071 Patsiae
497 1015 714 1091 adpellaretnr,
729 1022 759 1071 et
770 1021 988 1081 sacrosanctus,
1002 1032 1038 1071 ac
1056 1014 1186 1071 dictator

147 1090 364 1167 inperpetuum
385 1100 470 1159 esset,
484 1092 603 1148 invidie
620 1110 754 1151 caussam
777 1092 918 1150 adsersus
931 1111 995 1148 eum
1010 1092 1186 1168 prostitue,

147 1166 226 1243 quod
239 1170 355 1225 senatui
379 1170 525 1243 deserenti
539 1169 589 1227 lios
611 1170 741 1241 leonores,
766 1188 856 1247 quam
869 1178 939 1225 ante
957 1170 1045 1226 cedem
1071 1167 1188 1225 Veneris

150 1243 312 1304 Genitricis
325 1247 449 1314 sederet,
462 1266 518 1303 non
534 1248 726 1305 adsurrexit:
746 1256 776 1304 et
789 1248 868 1323 quod
879 1267 899 1303 a
914 1249 955 1304 M.
971 1247 1100 1303 Antonio
1119 1265 1186 1303 con-

149 1322 213 1379 sule
231 1322 344 1399 colleqa
364 1343 425 1392 suo,
439 1324 517 1380 inter
538 1324 684 1400 Lupercos
704 1332 849 1391 currente,
870 1323 1007 1381 diadema
1025 1324 1119 1399 capiti
1137 1343 1189 1381 suo

147 1400 179 1455 in
233 1400 307 1459 itum
317 1402 348 1459 in
362 1400 436 1459 sella
449 1402 597 1479 reposuit:
619 1409 648 1459 et
659 1402 737 1477 quod
750 1400 861 1477 Epidio
872 1400 1007 1461 Marullo
1018 1407 1049 1459 st
1066 1400 1188 1459 Gasetio

148 1477 177 1533 F
187 1496 243 1535 aaa
257 1478 383 1537 tribunis
401 1476 496 1555 plebis
509 1478 653 1539 iuvidiam
673 1480 702 1537 ei
716 1486 865 1555 tamquam
884 1496 1004 1554 requam
1017 1478 1188 1552 adfectanti

148 1553 340 1625 monentibus,
350 1564 483 1635 potestas
496 1555 642 1645 alroqata
655 1563 709 1617 est.
737 1556 785 1615 Es
799 1556 838 1615 iis
850 1557 963 1617 caussis
976 1557 1190 1633 conspiratione

148 1632 179 1691 in
192 1651 257 1691 enm
269 1631 372 1707 sacta,
388 1634 490 1709 (cujus
503 1633 742 1709 cepstasuernnt
760 1632 805 1691 Μ.
822 1632 947 1702 Brutus,
960 1641 990 1692 et
1007 1633 1040 1691 0.
1058 1634 1189 1701 Cassius,

149 1718 229 1769 etex
246 1710 372 1773 Censoris
382 1710 522 1789 portibus
535 1711 576 1769 D.
591 1710 705 1769 Brutus
718 1718 748 1769 st
765 1712 799 1767 0.
816 1709 993 1785 Trebonius)
1011 1712 1043 1769 in
1055 1710 1191 1789 Ponspeii

152 1788 237 1847 curia
249 1790 362 1849 occisus
374 1797 419 1849 est
431 1790 542 1865 vipinti
553 1787 648 1849 tribea
658 1787 841 1858 uulneribus,
853 1797 1081 1867 occupatumque
1093 1790 1132 1849 al
1145 1790 1191 1847 irs-

153 1866 360 1941 terfectoribus
373 1867 436 1943 ejus
461 1866 649 1945 Capitolium.
694 1865 846 1927 oblivioso
866 1867 972 1927 deinde
991 1869 1078 1927 cedis
1089 1868 1153 1944 ejus
1171 1888 1192 1929 a

153 1951 257 2002 senata
270 1946 400 2012 decreta,
411 1944 561 2005 obsidibus
571 1944 696 2005 Antonii
706 1952 735 2002 st
747 1942 855 2021 Lepidi
864 1942 965 2005 liberis
976 1947 1116 2021 acceptis,
1125 1966 1192 2005 oon·

146 2020 251 2095 jureti
263 2038 283 2080 a
300 2022 448 2101 capitolio
461 2024 681 2085 descenderunt.
717 2021 900 2081 Testamenta
916 2022 1041 2084 cesaris
1055 2024 1145 2084 lares
1157 2044 1194 2083 en

151 2108 241 2174 parte
254 2101 380 2158 dimidia
394 2100 549 2158 institutus
567 2101 599 2157 C.
618 2100 759 2159 Octavius
772 2101 881 2157 sororis
894 2118 990 2175 nepos,
1004 2108 1034 2155 et
1052 2101 1083 2158 in
1094 2116 1197 2161 nornen

154 2177 315 2253 adoptatus
339 2186 392 2235 est.
439 2177 562 2236 casaris
585 2195 699 2255 corpas,
723 2195 812 2254 quum
835 2177 866 2232 in
890 2194 1022 2252 campum
1046 2176 1194 2235 Martium

146 2253 298 2327 serretur,
312 2275 331 2311 a
341 2252 426 2331 plebe
440 2263 509 2312 ante
529 2262 628 2313 rostra
646 2262 806 2313 crematum
825 2262 878 2312 est.
919 2254 1088 2311 Dictatore
1110 2256 1197 2315 loros

155 2330 371 2408 inperpetuum
385 2331 517 2389 sublatus
531 2339 585 2391 est.
611 2332 644 2388 0.
658 2332 806 2399 Amatins,
820 2329 988 2387 humillimae
1002 2333 1091 2389 sortis
1104 2332 1195 2404 loma,

154 2410 253 2485 quise
271 2409 301 2465 C.
317 2408 413 2465 Marii
427 2408 530 2484 filium
545 2408 680 2487 ferebat,
701 2426 790 2489 qnam
810 2410 891 2487 apud
914 2409 1063 2466 credulam
1081 2410 1197 2488 plebem

155 2486 315 2546 seditiones
327 2494 464 2558 moneret,
475 2493 596 2545 necatus
608 2492 662 2544 est.

477 2751 889 2770 m

596 2951 755 3034 cxv11.

163 3135 168 3142 '
206 3131 237 3190 0.
261 3127 401 3195 Octavius
423 3127 545 3187 Roman
558 3145 594 3186 es
614 3125 646 3184 Ε
664 3125 709 3184 iro
730 3125 821 3192 uenit,
837 3123 887 3196 (eo
908 3125 983 3184 enim
1003 3125 1087 3188 illum
1104 3129 1201 3192 Came

157 3211 354 3290 promiserat,
368 3205 474 3264 bellum
491 3206 523 3265 in
537 3203 624 3262 Mace
646 3203 713 3260 onio
732 3207 888 3282 pestanus)
902 3201 1101 3282 ominibusque
1116 3225 1202 3282 pros-

158 3289 242 3368 peris
264 3293 400 3362 eroeptus
424 3283 513 3339 etiam
536 3299 636 3338 nomen
661 3277 781 3334 Oaessris
809 3281 922 3336 maisit.
974 3279 1011 3336 In
1034 3281 1202 3356 confusione

161 3384 260 3424 rernm
278 3381 313 3421 ac
327 3359 456 3421 tumultu
476 3359 501 3396 ⁰⁸
511 3357 552 3414 le
574 3357 639 3414 idus
649 3353 855 3436 pontificatum
868 3355 1024 3412 mansuum
1036 3359 1204 3437 intercepit.

165 3444 223 3502 Sed
237 3439 281 3501 Μ.
296 3441 441 3501 Antonius
455 3377 572 3504 consul,³
589 3449 681 3512 quum·
690 3433 855 3508 inpotenter
872 3431 1083 3503 dominaretur,
1098 3434 1202 3515 leqem-

164 3540 221 3602 que
234 3521 269 3578 de
280 3516 495 3596 permutatione
504 3511 726 3594 provinciarum
736 3507 862 3592 pervim
874 3508 1000 3580 tulisset,
1015 3518 1044 3568 et
1062 3511 1204 3575 Curarem

165 3615 288 3680 quoque,
299 3601 457 3688 petentem,
467 3599 503 3650 ut
513 3587 571 3648 sili
583 3587 724 3646 aduersus
735 3603 921 3666 percussores
931 3587 1070 3649 auunculi
1078 3591 1205 3660 adesset,

164 3676 278 3754 moqnis
298 3671 418 3749 injuriis
432 3667 614 3746 adjecisset:
649 3663 757 3732 Casas,
772 3670 802 3719 et
816 3661 882 3732 sili,
904 3672 934 3722 et
947 3663 1115 3742 reipnllicoe
1129 3670 1205 3726 uires

165 3757 307 3814 aduersus
320 3751 569 3828 comparaturus,
584 3743 723 3804 deductos
742 3739 772 3798 ia
787 3739 916 3800 colonias
929 3748 1081 3800 veteranos
1095 3747 1206 3805 escita·

165 3835 222 3890 uit.
252 3819 403 3905 *Leqiones
448 3841 540 3900 noque
560 3828 670 3902 quarta
689 3826 719 3875 et
734 3815 859 3874 'Martia
880 3819 1001 3894 ⁹⁹siqnu
1020 3819 1058 3878 al
1080 3821 1207 3879 Antonio

167 3911 209 3968 ad
224 3908 377 3972 ,Carnem
399 3843 542 3964 tulerunt.
584 3899 591 3931 ¹
604 3897 720 3962 Deinde
733 3903 762 3958 st
783 3893 945 3974 conplures
956 3897 1073 3958 soeoitia
1085 3897 1132 3964 td,
1145 3900 1208 3964 Aa.

200 4103 223 4142 Ν
239 4101 335 4170 &pedu
350 4091 498 4166 prntqieatus'n
512 4093 673 4147 murenula·
735 4090 757 4126 ω
772 4086 841 4150 Signa
853 4087 881 4136 alr
894 4085 1027 4164 Antoniud
1038 4081 1142 4138 &tam
1152 4086 1211 4138 hle·

169 4167 269 4246 meapte]
289 4169 343 4246 lips
360 4167 413 4244 lopo
431 4163 543 4240 hsbpmup
556 4161 673 4234 oonjeptu·
703 4153 771 4218 sunt]
787 4152 919 4214 legendum
929 4162 1083 4201 assumemus
1094 4152 1211 4208 umis·

169 4229 675 4350 :sarppqqqqqioqqqppitffiffisssquqnstgs
704 4229 853 4330 summm
868 4287 889 4331 a
904 4261 1031 4356 misna]
1049 4269 1137 4356 Jl'ossm
1153 4278 1213 4331 linas

171 4362 242 4410 davit.
257 4363 491 4422 mensurnorum:
508 4353 614 4418 ῐιμὶάωη
621 4367 676 4420 pon·
706 4345 825 4412 portatum
845 4345 935 4422 reipsa
957 4343 1087 4398 Omma·
1108 4359 1133 4396 us
1149 4342 1214 4421 lappa

172 4422 499 4486 inconsummatam.
709 4409 824 4466 modum
848 4405 933 4461 Danu
951 4417 972 4466 n
989 4409 1106 4480 mosum
1122 4419 1212 4465 uasa,
