3184 5225
512 356 589 414 urs.
609 352 706 414 xs11.
726 354 807 412 car.
827 353 935 413 xurv.
1197 322 1261 423 η’
1334 360 1338 371 ·

185 510 199 543 ‘
212 508 324 571 talibus
341 508 381 568 de
395 504 519 585 caussis,
543 527 608 588 que
621 509 673 570 vix
688 509 812 591 querela
829 520 862 571 et
875 506 1118 589 expostulatione
1132 506 1232 588 digne
1244 512 1278 570 u.
1288 520 1319 571 e.
1331 522 1388 575 tsi:

185 596 199 631 ⁴
213 604 295 671 sunt,
311 614 397 655 arma
412 593 531 675 capitis,
547 608 579 657 et
594 596 714 676 regibus
729 596 820 656 sociis
835 592 915 655 bella
930 591 1069 655 infertis!
1243 586 1275 637 Α·
1285 584 1314 635 ⁰·
1332 585 1387 637 ¹⁷¹⁶

232 678 349 741 XLIII.
379 678 455 740 Haec
482 680 596 742 dicenti
624 692 688 742 tum
713 681 858 742 adsensus
885 678 1019 741 Marcius
1046 689 1150 741 auctor
1171 679 1231 741 suit

188 766 335 831 mittendi
364 764 497 827 Romam
523 767 628 847 legati,
651 786 743 847 quum
769 766 956 849 experienda
978 766 1083 827 omnia
1105 765 1145 826 ad
1158 766 1229 826 ulti·

188 872 285 932 mum,
305 874 363 914 nec
383 852 697 934 praetermittendum¹1
727 872 812 933 spem
827 853 920 913 ullam
935 852 1111 913 censuisset.
1145 850 1229 912 Reli·

189 958 252 1019 qua
266 940 451 1000 consultatio
466 947 541 1015 erat,
556 958 688 1019 quonam
704 938 799 999 modo
813 949 913 999 tutum
934 938 993 998 iter
1018 937 1125 1021 legatis
1139 949 1227 999 esset.

189 1024 277 1085 adid
292 1045 387 1105 quum
411 1024 581 1086 necessaria
602 1024 711 1105 petitio
734 1023 924 1085 induciarum
949 1023 1109 1100 videretur,
1136 1030 1234 1106 cupe-'

188 1120 296 1190 reique
319 1108 467 1187 Marcius,
491 1130 589 1191 neque
615 1109 698 1170 aliud
718 1108 880 1189 conloquio
900 1108 1037 1190 petisset,
1061 1121 1184 1188 gravate
1197 1119 1230 1169 et

189 1197 260 1257 “iu
291 1216 436 1277 magnam
460 1198 588 1278 gratiam
611 1196 741 1277 petentis
763 1196 926 1257 concessit.
952 1193 1029 1254 nihil
1052 1194 1134 1254 euim
1155 1195 1348 1256 satislnducie.

188 1292 344 1362 paratum,
360 1280 400 1343 ad
416 1283 527 1343 bellurn
544 1283 574 1343 in
590 1282 748 1363 praesentis.
762 1282 916 1343 habebant
931 1278 1074 1358 Romani,
1097 1299 1159 1340 non
1175 1300 1229 1341 ex·

186 1368 329 1444 arcitum,
360 1388 421 1428 uon
451 1369 576 1429 ducem:
604 1388 695 1449 quum
723 1366 847 1429 Perseus
876 1365 920 1444 (ni
941 1386 1010 1448 spes
1038 1385 1116 1426 vana
1144 1366 1227 1447 pacis

191 1454 375 1514 obcscasset
389 1454 528 1533 consilia)
556 1456 659 1515 omnia
674 1467 841 1537 praeparata
856 1464 945 1532 atque
968 1452 1118 1513 instructa
1134 1452 1228 1512 habe-

190 1549 251 1615 ret,
266 1549 299 1599 et
319 1558 374 1599 suo
398 1541 531 1599 maxime
557 1551 693 1621 tempore
716 1552 807 1620 atque
822 1540 923 1600 alieno
943 1538 1080 1599 hostibus
1096 1536 1227 1618 incipere

191 1624 304 1685 bellurn
319 1635 434 1705 posset.
477 1624 527 1685 Ab
542 1626 601 1686 hoc
617 1626 789 1707 conloquio,
803 1625 864 1686 fide
878 1624 1066 1685 induciarum
1094 1624 1228 1706 interpo-

187 1709 259 1786 sita,
279 1713 304 1747 ⁴¹
319 1710 413 1790 legati
430 1708 561 1771 Romani
577 1711 607 1771 in
623 1708 774 1773 Boeotiam
794 1712 962 1792 comparati
981 1723 1061 1771 sunt.
1106 1708 1151 1770 lbi
1162 1708 1227 1790 jam
1241 1724 1336 1774 beotia
1393 1777 1396 1786 ,

188 1806 291 1857 motrrs
321 1807 457 1876 coeperat
483 1816 558 1872 esse,
587 1795 812 1857 discedentibus
838 1818 857 1857 o
885 1796 1031 1857 societate
1059 1796 1228 1857 communis
1241 1803 1344 1840 morus.»
1370 1841 1374 1847 .

187 1881 311 1942 concilii
326 1878 505 1943 Boeotorum
521 1874 700 1961 quibusdam
725 1882 855 1963 populis,
881 1902 921 1942 ex
935 1902 995 1961 quo
1021 1882 1231 1943 renunciatum

187 1977 264 2043 erat,
280 1968 475 2049 respondisse
499 1967 626 2047 lagatos,
651 1968 868 2049 adpositumm,
892 1969 1000 2048 quibus
1024 1968 1143 2050 populis
1157 1990 1231 2049 pro·

186 2053 254 2134 prie
269 2055 450 2115 societatem
467 2074 536 2113 curn
552 2073 622 2134 rege
633 2051 722 2133 jungi
744 2054 954 2135 displicuisset.
998 2052 1123 2113 Primis
1143 2053 1232 2114 Chre·

187 2159 285 2201 rouea
309 2138 413 2219 legati,
439 2138 549 2200 deiude
573 2136 728 2217 sThebis,
749 2140 780 2199 in
806 2139 874 2220 ipso
897 2139 1004 2199 itinere
1023 2139 1232 2215 obcurrerunt,

185 2224 386 2287 adfirmantes
401 2246 464 2286 non
478 2224 648 2287 interfuisse
668 2246 711 2301 se,
734 2244 793 2305 quo
808 2225 937 2284 societas
952 2242 990 2283 ea
1004 2223 1127 2285 decreta
1141 2236 1233 2300 esset,

188 2308 346 2370 concilio:
373 2310 473 2390 quis,y
498 2310 602 2391 legati,
628 2311 711 2371 nullo
735 2311 766 2370 in
791 2310 950 2390 prasentia
974 2329 1120 2389 responso
1147 2309 1232 2387 dato,

191 2392 376 2456 Chalcidem
389 2417 420 2456 se
435 2397 516 2476 sequi
527 2396 692 2477 jussemnt.
735 2394 851 2457 Thebis
865 2402 977 2476 magna
990 2395 1149 2455 contentio
1163 2407 1233 2456 orta

189 2490 263 2541 crat
277 2502 316 2541 ex
333 2482 392 2542 alio
407 2484 577 2543 certamine.
624 2480 763 2543 Comitiis
786 2482 933 2562 pretoriis
957 2478 1134 2541 Boeotomm
1149 2480 1231 2541 victa
1273 2488 1277 2494 ’

192 2584 275 2648 pars,
289 2566 430 2648 iujuriam
445 2589 635 2652 persequens,
651 2579 757 2631 coacta
772 2566 967 2629 multitudine
982 2566 1137 2628 decretum
1158 2564 1246 2628 fecit-

189 2649 316 2730 litabis,
333 2673 372 2714 ne
388 2653 576 2717 Boeotarchae
596 2657 719 2717 urbibus
743 2655 955 2735 reciperentur.
989 2651 1117 2713 Exsules
1129 2650 1230 2713 Thes·

189 2739 256 2820 pias
272 2740 403 2801 universi
420 2753 652 2802 concesscmnt:
676 2738 746 2802 inde
769 2739 896 2820 (recepti
918 2739 999 2800 enim
1015 2739 1079 2800 sine
1104 2749 1229 2800 cuncta·

190 2825 276 2887 tione
289 2825 391 2906 erant)
409 2823 543 2904 Thebas,
554 2826 621 2908 jam
636 2826 758 2888 mutatis
774 2826 893 2903 animis,
917 2826 1048 2887 revocati
1076 2824 1231 2904 decretum
1256 2894 1261 2900 ,

189 2909 317 2989 faciunt,
332 2923 368 2973 ut
383 2911 555 2991 duodecim,
570 2915 621 2994 qui
636 2913 743 2996 privati
764 2921 922 2974 coctumst
949 2910 1111 2971 concilium
1133 2911 1230 2971 habu·

192 2996 297 3075 issent,
312 2998 421 3059 exsilio
435 2998 646 3061 multarentur.
690 2997 793 3059 Novus
809 2997 919 3058 deinde
933 3007 1043 3078 praetor
1071 2995 1230 3074 (queniss

191 3081 219 3144 is
231 3095 308 3160 arat,
323 3084 368 3144 vir
389 3084 500 3162 nobilis
522 3105 559 3146 ac
578 3085 700 3167 potens)
730 3082 869 3166 capitalis
892 3103 990 3166 poenae
1015 3083 1156 3144 absentes
1178 3101 1231 3142 eos

194 3165 318 3230 decreto
344 3170 481 3232 damnat.
525 3169 704 3232 Chalcidem
729 3171 890 3250 fugerant:
914 3169 985 3230 inde
1011 3168 1051 3228 ad
1077 3167 1231 3228 Romanos

193 3249 345 3315 Larissam
361 3255 499 3336 pmlecti,
525 3260 552 3296 ⁴²
565 3277 702 3317 caussam
723 3277 792 3316 cum
817 3254 927 3316 Perseo
953 3254 1109 3314 societatis
1129 3253 1161 3312 in
1185 3249 1243 3311 Is«-

191 3339 326 3400 menium
354 3343 553 3404 contulerant.
596 3346 624 3380 ⁴³
635 3341 683 3402 Ex
716 3341 914 3402 contentione
946 3349 1045 3399 ortum
1068 3348 1242 3402 certamen.

194 3423 348 3505 utriusque
362 3439 466 3488 tamen
488 3427 584 3509 partis
606 3428 697 3508 legati
724 3426 763 3487 ad
789 3423 945 3486 Romanos
959 3434 1115 3502 venerunt,
1130 3434 1162 3486 et
1176 3445 1230 3487 ex·

189 3509 271 3572 sales
287 3524 538 3594 accusatoresque
553 3511 700 3591 Ismenia,
717 3523 749 3574 et
765 3509 913 3572 Ismenias
927 3511 1002 3593 ipse.

231 3593 347 3660 XLIV.
378 3595 558 3660 Chalcidem
591 3610 626 3660 ut
652 3610 776 3661 ventum
813 3604 871 3673 est,
906 3597 1031 3658 aliarum
1063 3598 1230 3664 civitatium

286 3711 299 3738 ¹
307 3709 515 3768 ammianum
526 3709 601 3758 Gron.
616 3711 685 3759 Crev.
895 3709 963 3769 ‘qais
974 3705 991 3754 l.
1002 3707 1135 3769 quor‘Doer.

218 3807 270 3843 ⁴⁰⁰
283 3808 313 3858 In
338 3814 441 3875 magnam
467 3814 564 3876 gratiam
592 3813 695 3876 parntis]
725 3813 883 3862 foretontio:
901 3827 987 3860 emtum
1006 3813 1066 3861 inito
1085 3831 1136 3862 mem
1154 3814 1232 3865 Peneo

188 3874 326 3934 Iteutrex,
345 3880 383 3936 qui
401 3877 494 3939 petebat
504 3876 615 3934 inducias,
632 3893 694 3938 mag·
725 3881 838 3927 minatis.

189 3951 248 3985 m
264 3941 359 3998 gretiam
374 3955 414 4002 pro
435 3943 463 3990 iis
481 3943 595 3992 concessis
610 3941 694 3990 debere
757 3941 779 3976 ⁴³
792 3941 827 3989 Er
852 3944 985 3991 mutim
1009 3951 1081 3990 mass
1108 3947 1227 4008 comum]

190 4002 316 4052 rideretur.
727 4005 786 4054 itae
796 4006 841 4056 alio
852 4008 983 4056 charactere
994 4007 1080 4055 edenda
1096 4011 1232 4065 sumsimus,

223 4065 338 4132 “Iaegoti
357 4068 451 4118 limasti
471 4073 496 4119 in
512 4070 616 4119 Renum
639 4087 695 4120 cnu-
725 4081 834 4134 tauquam
862 4071 922 4120 dicta
943 4073 971 4119 ab
993 4071 1109 4121 exsulibus
1135 4073 1231 4122 Boeotis.

184 4134 264 4194 prati
277 4133 342 4196 runt]
376 4135 467 4184 Vitium
487 4151 535 4185 esso
556 4135 643 4184 ridetur
671 4136 695 4184 in
729 4135 750 4182 Ii
758 4151 842 4200 nempe
852 4135 976 4198 sigoliesut
987 4151 1015 4184 er
1025 4138 1231 4200 contentionequ-

186 4197 259 4245 verbo
268 4202 395 4260 corrporsn'.
427 4201 494 4262 Legit
505 4201 634 4250 Gronovius
645 4216 695 4249 cou-
726 4201 802 4248 iuerat
812 4201 940 4263 interipsus
950 4212 974 4248 et
985 4199 1107 4250 Ismeniam
1117 4203 1146 4250 de
1161 4201 1231 4250 socie*

184 4263 247 4310 sera
281 4273 282 4276 ’
673 4264 684 4270 “
728 4276 777 4314 tate
804 4279 856 4312 cum
885 4267 978 4328 Perseo,
1004 4277 1079 4314 ortum
1109 4277 1233 4321 amares,

220 4323 349 4376 'Caum
364 4345 416 4376 nrm
428 4329 506 4378 Perseo
520 4329 633 4392 muniis]
652 4329 695 4377 vt-
729 4329 787 4392 quod
799 4341 957 4392 comperet,
975 4339 1002 4379 ut
1024 4333 1076 4396 ipris
1094 4334 1119 4381 in
1137 4331 1231 4382 eallituu

187 4387 314 4440 dmr'hie
341 4393 455 4444 excidisse
482 4394 573 4456 aliquod
592 4395 697 4454 verbum,
729 4393 969 4446 asireneeesetoret.

188 4453 333 4516 qudeeaet
350 4461 411 4508 irrite
445 4459 483 4508 Sic
502 4459 565 4510 enim
582 4460 699 4510 rotundior
873 4476 877 4484 ¹
