3184 5225
346 383 387 436 ⁶4
774 369 859 428 TlTl
878 369 978 428 LlVll

184 542 257 594 Μ
266 538 323 594 500,
350 511 409 574 ‘et
423 511 547 594 aliquod
559 529 648 572 anum
663 522 734 590 post
748 509 853 570 datam
869 529 889 568 a
903 506 935 569 P.
951 505 1094 589 Scipione
1117 527 1226 589 pacem
1248 507 1397 572 delictum

186 608 220 662 n.
230 605 260 658 c.
271 605 324 658 172.
352 598 363 630 ‘
378 611 468 676 esset,
485 598 543 679 ipsi
555 596 655 679 potins
671 594 946 656 animadverterent
962 594 993 653 iu
1008 613 1051 654 se.
1093 591 1207 656 'I'utam
1223 595 1398 658 servitutem

353 685 363 717 ‘
378 707 412 748 se
423 685 481 746 sub
497 681 628 745 dominis
640 677 796 757 Romanis,
809 699 899 761 quam
919 678 1091 740 libertatern
1106 680 1276 761 expcmitam
1292 681 1333 742 ad
1348 681 1397 742 in·

354 769 469 852 ‘jurias
489 767 669 844 Masinissae,
683 765 785 828 malle.
831 763 930 826 Perire
951 785 1082 846 namque
1105 766 1197 828 semel
1214 766 1287 847 ipsis
1303 767 1398 828 satius

354 856 453 932 ‘ease,
478 874 569 934 quam
583 855 641 914 sub
661 851 845 915 acerbissimi
870 850 1019 912 carnificis
1037 852 1162 913 arbitrio
1183 853 1322 933 spiritum
1341 853 1398 914 du-

354 938 468 1003 ‘eere.'
512 938 575 1001 Sub
590 940 653 1001 haec
676 938 760 1000 dicta
774 937 967 999 lacrimantes
983 938 1207 1018 procubuerunt
1216 960 1226 1013 3
1249 939 1400 1020 stratique

353 1027 451 1104 humi,
465 1047 527 1088 non
542 1025 599 1086 sihi
614 1025 711 1105 magis
725 1023 975 1100 misericordiam,
990 1027 1016 1069 ⁷⁴
1029 1045 1120 1104 quam
1135 1025 1198 1105 regi
1215 1025 1234 1066 *
1246 1035 1271 1085 ¹¹.

396 1110 514 1174 XXIV.
537 1109 719 1191 interrogari
734 1108 895 1172 Gulussam
906 1109 1030 1191 placuit,
1043 1109 1115 1190 quid
1127 1110 1167 1170 ad
1181 1131 1219 1171 ea
1232 1111 1399 1191 respoude-

300 1199 312 1212 '
355 1212 413 1277 ret,
438 1209 501 1276 aut,
527 1197 552 1258 si
578 1197 660 1278 prius
686 1195 801 1274 mallet,
826 1209 1028 1276 expromeret,
1043 1216 1133 1277 super
1146 1216 1206 1276 qua
1220 1217 1251 1256 re
1268 1195 1401 1258 Ronnm

249 1274 256 1289 ⁰
354 1286 496 1347 venisset.
541 1281 680 1359 Gulussa,
696 1279 824 1364 ‘Neque
836 1281 893 1342 sibi
907 1281 996 1343 facile
1013 1279 1099 1360 esse,’
1116 1282 1205 1360 dixit,
1221 1283 1230 1314 ‘
1246 1283 1284 1343 de
1300 1282 1336 1342 iis
1352 1303 1401 1344 re·-

356 1371 437 1432 ‘bus
451 1391 552 1451 agere,
563 1368 602 1429 de
617 1369 723 1449 quibus
738 1367 815 1428 nihil
831 1367 967 1429 mandati
988 1389 1007 1428 a
1025 1379 1111 1450 patre
1132 1369 1277 1430 haberet:
1301 1389 1403 1448 neque

356 1457 462 1540 ‘patri
477 1455 565 1518 facile
580 1454 671 1517 fuisse
683 1455 848 1529 mandare,
876 1473 967 1534 quum
988 1452 1269 1534 Karthaginienses,
1290 1475 1345 1516 nec
1362 1453 1402 1516 de

357 1544 367 1576 ‘
383 1563 444 1623 qua
455 1563 487 1604 re
500 1541 597 1603 acturi
610 1553 721 1617 essent,
733 1561 790 1602 nec
801 1539 925 1600 omnino
938 1541 1033 1602 ituros
1046 1561 1078 1600 se
1094 1539 1236 1617 Romam,
1245 1539 1403 1602 indicave-

357 1628 371 1660 ‘
383 1629 453 1690 rint.
486 1625 522 1688 In
533 1625 597 1688 rede
609 1624 778 1707 AEsculapii
792 1624 1014 1686 clandestinum
1031 1647 1083 1688 eos
1099 1647 1153 1708 pcr
1167 1626 1283 1708 aliquot
1295 1637 1402 1688 noctes

358 1714 370 1746 ‘
384 1713 544 1776 consilium
560 1713 731 1793 principum
747 1711 899 1786 habuisse,
923 1714 948 1755 ⁷⁵
962 1711 1042 1772 unde
1057 1723 1201 1794 praeterea
1214 1713 1332 1792 legatos
1347 1731 1402 1772 oc-

359 1800 369 1832 ‘
384 1799 473 1861 cultis
485 1819 554 1859 cum
565 1797 716 1858 mandatis
725 1795 857 1856 Romam
868 1796 959 1858 mitti.
980 1795 1057 1860 Eam
1067 1817 1204 1858 caussam
1218 1797 1309 1858 luisse
1320 1797 1400 1878 patri

359 1883 527 1946 ‘mittendi
547 1903 580 1943 se
600 1881 743 1958 Romam,
768 1885 795 1927 ⁷⁶
810 1882 861 1962 qui
881 1881 1093 1964 deprecaretur
1107 1894 1257 1961 senatum,
1273 1881 1405 1964 nequid

359 1971 370 2004 ‘
385 1969 597 2032 communibus
618 1966 749 2030 inimicis
774 1966 1006 2029 criminantibus
1021 1990 1053 2030 se
1068 1970 1234 2046 crederent,
1257 1990 1348 2050 quem
1363 1970 1404 2032 ob

359 2057 372 2089 ‘
386 2056 512 2132 nullam,
528 2055 619 2117 aliam
634 2073 782 2130 caussam,
797 2054 854 2114 nisi
872 2065 994 2136 propter
1015 2054 1206 2116 constantem
1226 2055 1316 2116 fidem
1332 2075 1408 2136 erga

360 2142 531 2224 ‘populum
546 2139 730 2217 Romanum,
741 2136 899 2202 odissent'
943 2138 1002 2202 His
1018 2143 1169 2222 utrimque
1181 2141 1302 2218 auditis,
1313 2163 1404 2204 seua-

329 2239 419 2306 ·tus,
434 2228 472 2289 de
496 2226 654 2309 postulatis
679 2223 980 2306 Karthaginiensium
995 2227 1159 2304 consultus,
1185 2233 1211 2275 77
1222 2227 1405 2308 respondere

359 2316 404 2377 ita
414 2313 527 2396 jussit:
552 2311 738 2374 ‘Gulussam
752 2312 873 2394 placere
888 2313 1043 2393 extemplo
1059 2313 1090 2373 in
1111 2311 1286 2374 Numidiam
1310 2313 1406 2394 proli-

360 2400 471 2478 ‘cisci,
482 2409 515 2460 et
528 2398 672 2461 nunciare
688 2399 777 2478 patri,
793 2409 828 2458 ut
843 2397 882 2458 de
897 2398 945 2474 iis,
958 2399 997 2460 de
1012 2399 1118 2479 quibus
1134 2397 1407 2479 Karthaginienses

360 2487 373 2519 ‘
386 2497 560 2566 querantur,
569 2484 687 2564 legatos
698 2484 922 2564 quamprimum
935 2483 974 2544 ad
983 2497 1123 2554 senatum
1139 2485 1263 2562 mittat3
1287 2485 1407 2546 denun-

362 2572 373 2604 ‘
388 2571 507 2651 cietque
523 2566 836 2650 Karthaginiensibus,
849 2581 885 2631 ut
896 2569 935 2631 ad
949 2569 1182 2653 disceptandum
1196 2571 1329 2634 veniant.
1374 2567 1408 2634 Si

363 2656 504 2738 ‘aliquid
517 2667 643 2739 possent
657 2654 827 2717 Masinissae
841 2656 964 2718 honoris
979 2678 1096 2736 caussa,
1115 2670 1147 2719 et
1172 2658 1278 2719 fecisse
1293 2669 1326 2719 et
1341 2658 1408 2720 lac·

363 2745 374 2777 ‘
389 2756 472 2805 turos
483 2762 558 2804 esse.
572 2742 599 2786 ⁷⁸
606 2739 656 2822 jus
671 2742 778 2822 gratiae
788 2762 851 2803 non
867 2742 950 2804 dare.
981 2743 1108 2824 Agrum,
1121 2764 1180 2824 qua
1194 2741 1338 2824 cujusque
1353 2746 1405 2823 sit,

364 2831 375 2864 ‘
390 2827 536 2913 possideri
549 2826 643 2889 velle:
667 2848 724 2889 nec
739 2848 833 2889 novos
848 2838 981 2891 statuere
997 2828 1084 2907 fines,
1104 2830 1158 2891 sed
1173 2841 1288 2891 veteres
1303 2830 1409 2892 obser·

364 2918 375 2950 ‘
389 2915 463 2991 vari,
475 2914 506 2974 in
522 2912 623 2974 animo
638 2914 760 2975 habere.
794 2912 1098 2995 Karthaginiensibus
1112 2916 1200 2977 victis
1214 2936 1246 2975 se
1261 2927 1294 2975 et
1307 2917 1408 2994 urbes,

306 3065 309 3072 .
364 3002 376 3034 ‘
390 3011 423 3063 et
438 3020 525 3081 agros
541 2999 743 3075 concessisse3
766 3019 829 3060 non
842 3000 919 3060 utin
931 3022 1007 3083 pace
1019 3001 1169 3083 eriperent
1184 3022 1237 3083 per
1253 2999 1408 3079 iujuriam,

365 3087 378 3120 ‘
393 3107 458 3167 quae
477 3082 545 3167 jure
560 3084 631 3145 belli
648 3105 710 3146 non
725 3084 929 3147 ademissent!
974 3084 1023 3148 Ita
1037 3086 1154 3167 regulus
1168 3084 1412 3165 Karthaginien·

366 3184 475 3252 sesque
501 3170 626 3233 dimissi.
671 3168 803 3231 Munera
825 3192 863 3233 ex
879 3172 1018 3235 instituto
1035 3172 1108 3235 data
1122 3173 1265 3255 utrisque,
1288 3171 1410 3255 aliaque

366 3257 530 3340 hospitalia
545 3256 672 3318 comiter
686 3268 874 3319 conservata.

198 3350 282 3415 Legati
294 3353 322 3400 ιιι
408 3340 510 3405 XXV.
533 3340 597 3404 Sub
612 3342 694 3405 idem
709 3354 830 3425 tempus
855 3340 912 3405 Cn.
938 3341 1080 3405 Servilius
1103 3342 1216 3425 Caepio,
1239 3344 1410 3427 Ap.·Clau·

197 3428 355 3531 ssl‘l‘ffiffi·
368 3429 436 3492 dius
461 3426 592 3506 Centho,
612 3426 651 3489 Τ.
675 3427 793 3490 Annius
809 3427 923 3493 Luscus
938 3431 1043 3511 legari,
1065 3430 1168 3493 adres
1184 3430 1362 3513 repetendas
1378 3432 1410 3492 in

198 3497 340 3597 mag:
367 3514 583 3577 Macedoniam
598 3515 893 3596 renunciandamque
909 3516 1074 3579 amicitiam
1099 3518 1125 3562 ⁷⁹
1142 3517 1205 3597 regi
1220 3517 1314 3592 missi,
1339 3516 1411 3577 rcd-

198 3611 340 3663 nr'nirede-
368 3601 469 3661 ierunt
485 3623 493 3660 ι
516 3599 568 3681 qui
585 3598 651 3681 jam
668 3622 722 3661 sua
744 3612 855 3683 sponte
870 3601 1012 3665 infestum
1030 3600 1111 3665 Persi
1133 3616 1272 3665 senatum
1288 3604 1413 3685 insuper

199 3689 252 3726 ‘²¹¹‘-
367 3686 581 3765 accenderunt,
612 3687 713 3749 relatis
743 3686 858 3765 ordine,
890 3708 955 3768 quae
982 3688 1137 3767 vidissent,
1162 3708 1285 3771 querque
1307 3688 1411 3751 audis-

540 3774 546 3787 ’
601 3794 747 3856 ¹[incr'dr'em
756 3796 905 3843 metarunt.
938 3792 1036 3859 Deinde]
1052 3797 1095 3845 lm.
1108 3794 1176 3847 Crer.

396 3886 419 3923 '¹⁴
436 3884 508 3937 Quam
522 3885 570 3947 regi
592 3882 708 3942 [inmiiiom
726 3886 872 3930 concitarunt.
935 3882 958 3921 7⁶
975 3883 1299 3951 ultramontanorum]
1314 3882 1414 3947 atejus-

365 3950 463 4014 Deinde]
483 3950 543 3995 Tres
559 3946 651 3993 ultimas
666 3961 733 3993 voces
748 3947 831 4008 adjerit
843 3962 873 3994 err
904 3950 934 3996 sit
944 3948 988 4009 legi
1000 3950 1103 4011 Sigonius
1114 3965 1156 4015 pro
1166 3952 1343 4010 deprecarentur.

366 4014 454 4073 sigonii
465 4024 542 4061 meare
553 4010 662 4059 Clericus.
935 4014 957 4050 77
974 4012 1121 4077 Raporrdere]
1147 4012 1192 4063 Vel
1212 4014 1263 4075 lege
1284 4015 1418 4075 reposuisti,

397 4077 421 4113 ⁷⁵
440 4075 504 4123 Unde
520 4075 633 4137 preterea]
649 4075 722 4123 lons
740 4092 843 4133 meur,
861 4093 873 4125 a
905 4076 942 4125 vel
951 4080 1007 4125 adde
1016 4088 1136 4141 pretorem.

333 4150 338 4163 ·
366 4138 606 4190 eolotameuclerico
615 4140 752 4189 observans.
784 4141 821 4189 Ba
840 4143 873 4195 vi·
936 4140 1251 4206 ⁷⁸'Jaegratiaenondore1
1270 4140 1300 4189 Se
1316 4146 1416 4206 Juenorr

365 4207 435 4254 daur
449 4218 514 4251 mens
529 4204 598 4252 foiree
616 4204 687 4261 Livii,
702 4217 728 4254 at
748 4204 873 4255 Gulussam
905 4204 989 4255 violare
1006 4209 1030 4255 iu
1047 4207 1142 4269 mariam
1160 4222 1324 4271 mmmmm,
1344 4223 1369 4256 re
1385 4222 1416 4256 ex

365 4272 454 4319 frenet
464 4270 590 4324 dicentem,
598 4267 657 4315 nihil
666 4282 754 4333 partem
764 4285 833 4319 suoru
843 4288 873 4321 ex
902 4271 965 4333 jure,
972 4287 1018 4321 non
1027 4286 1054 4321 ex
1063 4274 1143 4332 puis,
1149 4284 1250 4322 caruere
1258 4288 1285 4321 ec
1293 4272 1408 4335 judicare.

366 4336 395 4383 iia
406 4332 644 4397 queactafnerintin
654 4335 694 4383 illo
701 4334 876 4393 comiliosclrse,
937 4336 959 4373 ⁷⁹
975 4334 1044 4405 Regi]
1060 4337 1124 4385 Olim
1135 4340 1200 4401 regis.
1227 4336 1416 4387 undenest-

367 4397 714 4464 proeeerqrnnlegeroellomarn
722 4397 875 4451 artaxena
904 4400 994 4463 genius.

367 4465 457 4530 :sequi
466 4479 512 4513 ιιιν.
522 4476 641 4528 parom
651 4465 700 4515 siue
709 4464 781 4513 libris.
