3184 5225
389 386 447 450 126
807 380 891 443 um
913 378 1014 442 nitu

221 560 362 621 Mssa
391 538 481 607 ‘Sunt
505 544 585 607 enim
604 536 722 624 Tempe
747 540 852 619 saltus,
879 538 997 602 etiamsi
1024 558 1087 601 non
1114 538 1195 601 bello
1222 536 1277 603 fiat
1303 540 1442 625 infestus,

222 628 293 686 U·
304 633 358 686 169.
395 633 525 694 transitu
547 628 688 692 difficilis.
710 646 783 688 nam
809 628 955 709 ”praeter
973 624 1132 707 angustias
1152 646 1208 709 per
1222 628 1353 710 quinque
1369 631 1440 692 mil·

390 711 450 796 lia,
466 738 527 799 qna
549 716 691 797 exiguum
713 713 854 796 jumento
880 724 991 775 onusto
1017 713 1076 773 iter
1097 722 1153 789 est,
1177 734 1265 796 rupes
1287 717 1439 799 utrimque

389 802 441 864 ¹ita
457 803 579 864 abscisae
601 811 683 878 sunt,
705 812 740 863 ut
762 800 876 882 despici
890 800 942 860 vix
956 798 1021 860 sina
1035 798 1184 879 vertigine
1200 800 1332 881 quadam
1348 804 1437 865 simul

390 890 553 950 'oculorum
569 888 722 969 animique
736 888 843 971 possit.
864 896 957 949 terret
983 896 1015 946 et
1038 885 1155 947 sonitus
1179 896 1211 947 et
1234 885 1361 951 altitudo
1383 911 1436 975 per

386 976 532 1037 'mediam
545 976 655 1037 vallem
671 972 790 1034 liuentis
806 969 898 1033 Penei
911 970 1019 1033 amnis.
1063 965 1125 1031 Hic
1140 970 1235 1050 locus,
1251 984 1314 1035 tarn
1328 987 1437 1058 suapte

388 1074 503 1124 natura
516 1060 654 1138 infestus,
670 1080 724 1142 per
739 1069 867 1141 quatuor
888 1058 1033 1120 distantia
1056 1057 1125 1117 loca
1147 1058 1174 1103 ³⁷
1185 1058 1329 1140 praesidiis
1354 1063 1437 1144 regis

390 1146 453 1211 tuit
467 1150 608 1209 insessas.
623 1165 716 1207 unum
739 1146 771 1206 in
793 1146 892 1227 primo
914 1142 999 1204 aditu
1022 1142 1061 1203 ad
1082 1140 1227 1205 Gonnum
1241 1158 1327 1208 erat:
1347 1150 1432 1210 ”al-

391 1244 490 1295 terurn
517 1229 678 1316 Condylon
701 1229 827 1293 castello
849 1226 1098 1313 inexpugnabili:
1122 1230 1243 1291 tertium
1269 1232 1350 1294 circa
1368 1232 1430 1296 La·

392 1320 554 1401 pathonta,
568 1338 657 1400 quem
679 1314 818 1379 Characa
844 1316 1018 1399 adpellantr
1042 1327 1181 1395 quarmm
1202 1316 1255 1377 viae
1280 1318 1347 1400 ipsi,
1369 1340 1432 1401 qua

397 1417 430 1466 et
455 1404 557 1465 media
579 1416 613 1467 et
642 1404 855 1486 angustissima
880 1401 966 1463 vallis
993 1412 1050 1479 est,
1074 1401 1250 1483 inpositum,
1274 1424 1365 1485 quam
1383 1406 1431 1469 vel

393 1491 500 1552 decem
516 1491 639 1552 armatis
654 1491 733 1552 tueri
753 1488 842 1551 facile
858 1501 913 1551 est.
958 1484 1124 1549 Intercluso
1139 1507 1193 1570 per
1207 1484 1326 1571 Tempe
1340 1492 1431 1555 simul

392 1575 478 1640 aditu
493 1576 723 1654 commeatibus,
747 1576 836 1638 simul
851 1574 958 1653 reditu,
985 1574 1042 1657 ipsi
1057 1584 1188 1652 montes,
1212 1594 1267 1655 per
1282 1596 1357 1657 quos
1373 1580 1429 1641 de·

339 1666 342 1671 ’
388 1661 581 1741 scenderunt,
604 1662 760 1745 repetendi
776 1673 873 1724 erant.
899 1663 926 1701 ⁸⁸
938 1661 1020 1741 quod
1039 1671 1073 1721 ut
1088 1660 1169 1722 furto
1183 1658 1362 1743 fefellerant,
1383 1665 1429 1728 ita

386 1749 556 1831 propalam,
572 1750 744 1811 tenentibus
759 1748 914 1831 superiora
927 1746 1086 1809 cacumina
1107 1746 1253 1825 hostibus,
1271 1768 1339 1823 ‚non
1355 1766 1428 1833 pot·

387 1846 496 1896 erant:
520 1845 552 1895 et
572 1846 699 1920 experta
722 1834 882 1897 difficultas
906 1852 992 1915 spem
1014 1850 1136 1895 omnem
1156 1830 1321 1897 incidisset.
1366 1836 1426 1899 Su-

378 1922 508 2003 'pererat
522 1919 597 1983 nihil
610 1921 691 1983 aliud
703 1922 734 1983 in
746 1933 860 1983 temere
872 1920 1044 1999 commisso,
1057 1938 1147 2003 quam
1162 1920 1194 1981 in
1207 1916 1427 1985 Macedoniam

384 2006 424 2067 ad
439 2006 533 2069 Dium
548 2030 603 2091 per
622 2008 739 2070 medios
762 2006 889 2068 evadere
912 2006 1035 2068 hostes:
1061 2005 1153 2087 quod,
1177 2006 1234 2069 nisi
1258 2006 1312 2071 Dii
1338 2030 1424 2071 men·

384 2103 447 2153 tem
463 2095 526 2175 regi
542 2094 735 2172 ademissent,
750 2094 849 2175 ipsum
866 2092 996 2175 ingentis
1017 2092 1201 2154 difficultatis
1224 2106 1298 2157 erat.
1341 2095 1421 2157 Nam

386 2198 478 2259 quum
493 2178 617 2263 Olympi
638 2178 755 2241 radices
779 2179 894 2240 montis
919 2178 1022 2261 paullo
1048 2178 1116 2273 plus
1138 2190 1228 2259 quam
1248 2182 1329 2244 mille
1350 2202 1423 2267 pas·

385 2281 473 2326 suum
489 2265 529 2327 ad
543 2284 626 2326 mare
649 2264 821 2347 relinquant
842 2264 986 2347 spatium,
1013 2282 1097 2343 quus
1120 2262 1278 2324 dimidium
1294 2268 1352 2329 loci
1367 2288 1423 2331 oc*

384 2362 481 2433 ‘cupat
495 2352 605 2412 ostium
620 2351 682 2412 late
697 2362 873 2431 restagnans
894 2348 1029 2433 Baphyri
1048 2348 1156 2426 amnis,
1182 2350 1209 2387 ⁴⁰
1222 2362 1341 2431 partem
1356 2354 1425 2437 pla·

357 2436 468 2497 niciae
495 2448 546 2497 aut
573 2434 658 2498 Jovis
686 2436 845 2519 templum,
875 2448 929 2498 aut
956 2433 1104 2518 oppidum
1137 2444 1241 2513 tenet3
1272 2440 1422 2521 reliquum

382 2522 582 2603 perexiguum
597 2520 679 2598 fossa
693 2522 815 2583 modica
836 2522 974 2603 valloque
997 2518 1095 2581 claudi
1117 2530 1248 2603 poterat,
1274 2537 1306 2587 et
1328 2544 1421 2590 saxo-

383 2621 450 2668 rum
476 2606 516 2667 ad
541 2621 663 2669 manum
689 2608 890 2690 silvestrisque
915 2608 1047 2672 materiae
1073 2616 1192 2667 tanturn
1219 2623 1294 2689 erat,
1314 2626 1348 2675 ut
1372 2614 1421 2675 vel

381 2708 485 2754 murus
512 2693 614 2776 objici,
639 2706 796 2775 turresque
822 2695 945 2756 excitari
971 2693 1137 2779 potuerint.
1181 2693 1316 2764 Quorum
1341 2699 1420 2760 nihil

383 2797 477 2860 quum
508 2779 686 2863 dispexisset
716 2793 830 2858 caecata
859 2802 944 2843 mens
975 2781 1075 2842 subito
1105 2790 1228 2859 terrore,
1259 2787 1283 2823 ⁴¹
1297 2787 1421 2848 nudatis

380 2865 521 2926 omnibus
553 2866 708 2950 praesidiis,
738 2867 957 2950 patefactisque
987 2866 1078 2944 bello,
1114 2865 1153 2926 ad
1179 2863 1313 2952 Pydnam
1337 2871 1419 2932 refu·

301 2972 308 2982 .
378 2951 435 3032 git·
902 2991 905 2998 Ι

421 3035 492 3098 Vll.
519 3035 643 3117 Consul,
671 3039 834 3122 plurimum
865 3052 897 3102 ct
927 3041 1056 3122 praesidii
1087 3057 1120 3108 et
1152 3042 1214 3126 spei
1235 3061 1360 3104 cernens
1383 3042 1416 3104 in

382 3123 513 3185 stultitia
527 3135 559 3186 et
573 3125 701 3206 segnitie
716 3127 823 3203 hostis,
849 3125 974 3187 remisso
994 3129 1106 3192 nuncio
1120 3129 1160 3192 ad
1174 3127 1227 3211 Sp.
1241 3125 1419 3190 Lucretium

380 3205 546 3290 lamissam,
559 3223 596 3273 ut
609 3212 745 3290 castella,
760 3211 867 3273 relicta
880 3213 919 3273 ab
935 3213 1034 3291 hoste,
1049 3216 1131 3278 eirca
1144 3215 1261 3296 Tempe
1284 3235 1421 3298 occupa·.

381 3308 439 3375 ret,
451 3297 606 3379 premisso
621 3297 751 3380 Popillio
766 3298 808 3358 ad
821 3298 1023 3381 explorandos
1045 3303 1188 3364 transitus
1211 3302 1293 3362 circa
1313 3299 1419 3380 Dium,

377 3395 541 3464 postquam
566 3395 671 3466 patere
693 3384 797 3447 omnia
818 3383 849 3444 in
872 3405 977 3446 omnes
998 3399 1099 3469 partes
1122 3387 1347 3466 animadvertit,
1369 3407 1417 3450 se-

405 3521 429 3558 ³⁶
442 3523 527 3573 Preter
553 3524 677 3590 ungemur]
725 3525 879 3588 Praeterquam
911 3542 994 3591 nempe
1012 3527 1150 3592 presidium,
1165 3528 1330 3592 edCorrdploa.
1363 3527 1418 3576 Cae¹

378 3590 636 3651 quodengurterieest
651 3607 692 3655 per
707 3593 808 3654 quinque
824 3591 877 3639 rnil-
912 3593 962 3640 tello
980 3593 1082 3656 intellige
1099 3609 1150 3642 crem
1167 3595 1264 3654 mato,
1281 3593 1316 3642 vel
1334 3597 1416 3642 inau-

376 3651 417 3713 lia,
434 3654 491 3703 adeo
504 3666 532 3705 ut
549 3657 655 3716 exiguum
672 3666 754 3704 onmto
772 3655 880 3719 jumento
911 3657 968 3704 tello.

376 3718 469 3777 barrit,
483 3721 600 3783 utrimque
612 3753 619 3771 .
631 3755 638 3773 .
651 3755 658 3769 .
671 3722 755 3769 Parum
773 3721 880 3768 videntur
944 3719 1041 3774 ”Quod
1059 3731 1087 3770 ut
1098 3721 1168 3787 fimo
1178 3721 1325 3786 sp‘ellerout]
1345 3718 1417 3774 Quod

374 3786 495 3835 romaniae
519 3785 575 3835 buic
601 3785 746 3847 deuriptioni
772 3799 802 3834 ee
828 3801 879 3848 quae
911 3786 1051 3835 defeceram
1060 3787 1165 3837 fallentes
1181 3788 1245 3836 furto
1258 3787 1342 3835 Peraea
1359 3785 1414 3833 Ma·

375 3847 464 3900 Plinius
475 3851 491 3901 l.
504 3867 571 3901 rur.
582 3851 607 3898 Β.
623 3853 653 3898 de
670 3851 751 3898 eodem
768 3849 820 3898 loco
838 3852 879 3898 ha·
912 3851 1063 3914 cedoarsque,
1084 3853 1116 3900 ita
1136 3851 1251 3915 propalam
1269 3853 1348 3900 fecere
1369 3863 1417 3916 uoq

375 3911 423 3963 bet.
463 3916 549 3978 l'empe,
568 3915 653 3977 inquit,
671 3915 766 3977 quinque
786 3915 881 3962 seusam
907 3926 1026 4028 ponat,
1039 3917 1315 3966 sirenuirrenrcaeumerr
1329 3915 1417 3963 hosne.

371 3992 477 4040 panemo
496 3981 642 4046 mpetum,
660 3989 682 4027 et
700 3978 774 4045 senaa
795 3982 876 4043 arqai-
932 3983 1108 4030 asscenderunt
1141 3981 1233 4044 quidem
1259 3981 1310 4030 illos
1336 3980 1420 4040 saltur,

367 4047 460 4154 affin
462 4045 675 4158 ’11ῆῶιὶνέωᾶἐῖ
680 4060 774 4172 m
786 4043 878 4158 w
907 4045 1415 4179 quuststn‘rlfflemffldimffld

541 4122 563 4158 n
906 4121 1056 4174 nonpoterm
1160 4123 1203 4160 eta
1277 4125 1332 4168 erm

368 4185 554 4284 mmdaeueidiir
576 4237 645 4302 regis]
676 4236 804 4287 mutemus
826 4175 1069 4290 aamobllnl‘oeartlm
1077 4239 1186 4304 plmritioe]
1222 4237 1346 4290 moa-vu
1365 4241 1417 4302 pri·¹

377 4297 495 4348 Graeceio
516 4303 589 4364 regiis.
620 4303 660 4352 Sic
678 4305 740 4352 enim
760 4303 819 4352 solet
839 4303 879 4352 Li·
912 4321 957 4354 mee
980 4306 1095 4360 ¹editiones
1119 4309 1254 4370 scripturam
1274 4305 1416 4368 umanum,

368 4362 427 4412 uiua.
864 4407 865 4412 ,
906 4367 1011 4432 Vrdgatae
1021 4373 1107 4420 habent
1115 4373 1223 4433 planitiei.

402 4429 540 4480 ”Altam
563 4428 685 4494 Condylon]
725 4431 792 4482 idem
814 4433 875 4483 Gro-
937 4436 959 4468 ⁴¹
972 4433 1300 4504 Nauarumtmpreodor]
1314 4435 1414 4489 Neurus

371 4496 456 4550 norim
476 4495 601 4564 legendam
627 4496 741 4551 existima
767 4499 873 4564 eumn,
905 4501 1013 4568 praesidio
1021 4503 1127 4552 omnibus
1136 4501 1199 4556 loeis.
