3184 5225
449 386 528 449 uu.
547 372 657 447 xmv.
677 386 760 447 cAP.
779 386 880 447 xxx.
1132 396 1191 451 res

131 543 239 605 urbem
270 542 426 625 petebant.
485 540 557 620 Sed,
587 542 710 625 propius
747 542 852 605 urbem
881 541 974 604 lembi
1003 560 1186 623 accessuque
1198 560 1230 611 υ.
1243 560 1271 611 c.
1284 564 1340 613 58⁴.

132 628 344 692 commodiore
378 648 472 712 quum
510 629 721 711 exposuissent
756 640 902 705 armatos,
936 629 1046 710 partim
1076 628 1108 689 in
1135 629 1227 691 viat
1240 626 1268 678 0
1284 630 1338 678 ¹⁶⁸·

131 716 284 797 fugientes
299 713 405 777 Gallos
426 714 532 797 adepti
546 713 735 777 Macedones
761 714 950 791 recidemut,
972 713 1085 795 partim
1112 729 1185 778 ante

133 814 256 885 portam
282 801 432 863 exclusos.
455 802 625 871 clauserant
649 802 729 861 enim
753 799 824 863 Chii
847 811 980 883 portam,
1003 801 1112 882 ignari,
1133 802 1185 881 qui

131 888 283 970 fugerent,
306 898 359 949 aut
380 898 583 971 sequerentur.
627 886 808 968 Octingenti
834 888 931 949 ferme
947 884 1107 947 Gallorum
1132 908 1186 948 oe·
1213 920 1218 952 ς

133 974 201 1052 cisi,
217 975 340 1036 ducenti
356 974 414 1034 vivi
437 974 538 1055 capti:
566 974 645 1054 equi,
668 994 737 1055 pars
763 973 794 1035 in
817 974 906 1050 uren,
929 972 1032 1034 fractis
1047 972 1186 1050 navibus,

132 1060 284 1137 absumti3
308 1060 417 1143 partim
441 1064 468 1099 ⁵⁹
480 1080 586 1121 nervos
601 1059 797 1121 subsiderunt
820 1059 960 1121 inlitora
985 1057 1186 1121 Macedones.

132 1146 243 1228 viginti
271 1146 389 1208 eximia
415 1166 508 1227 equos
539 1145 643 1207 formae
673 1165 741 1206 curn
772 1146 899 1226 captivis
928 1144 1050 1206 eosdem
1078 1144 1186 1206 decern

131 1232 259 1310 lembos,
283 1252 359 1313 quos
386 1243 456 1293 ante
485 1232 618 1309 miserat,
644 1230 784 1295 Antenor
810 1232 959 1293 devehere
984 1228 1185 1293 Thessaloni-

130 1338 200 1380 cam
222 1317 326 1399 jussit,
341 1329 373 1379 et
399 1318 498 1400 primo
527 1338 648 1399 quoque
674 1329 812 1400 tempore
839 1318 877 1378 ad
902 1317 1031 1379 classem
1054 1317 1182 1378 revertis

133 1403 246 1483 Phanis
271 1426 303 1466 se
329 1425 382 1466 eos
407 1416 664 1485 exspectaturum.
707 1402 856 1465 Triduum
886 1402 982 1464 ferme
1010 1402 1115 1472 classis
1143 1403 1184 1464 ad

129 1492 238 1553 urbem
262 1492 357 1553 stetit.
402 1490 532 1552 Phanas
544 1490 615 1553 inde
638 1491 787 1571 progressi
810 1501 892 1566 sunt,
914 1501 957 1567 et,
978 1510 1032 1572 spe
1056 1488 1183 1550 celerius

128 1577 255 1639 reversis
282 1576 388 1638 decem
415 1576 533 1653 lembis,
563 1577 660 1637 evecti
683 1574 787 1657 AEgeo
809 1576 885 1637 mari
912 1574 1026 1637 Delum
1051 1572 1183 1655 trajece-

131 1674 216 1725 runt.

174 1747 294 1811 XXlX.
316 1748 398 1812 Dum
430 1748 494 1811 haec
523 1759 681 1830 geruntur,
719 1748 812 1829 legati
843 1747 986 1824 Romani,
1017 1746 1053 1809 C.
1079 1746 1181 1831 Popil·
1194 1773 1272 1834 Legati

129 1835 201 1910 lius,
229 1834 283 1897 et‘¹
308 1834 344 1897 C.
357 1834 526 1912 Decimius,
551 1846 584 1897 et
599 1834 636 1895 C.
652 1832 815 1911 Hostilius,
840 1856 859 1895 a
873 1832 1020 1895 Chalcide
1040 1835 1180 1917 profecti,
1194 1839 1255 1887 Rom
1266 1840 1290 1886 ln
1301 1838 1340 1887 in·

131 1920 229 1982 tribus
258 1921 523 2002 quinqueremibus
547 1920 660 1982 Delum
685 1940 779 2003 quum
803 1920 966 1996 venissent,
996 1920 1113 1982 lembos
1139 1922 1181 1983 ibi
1194 1903 1325 1955 adunet).

131 2004 340 2069 Macedonum
368 2006 580 2090 quadraginta,
607 2018 639 2068 et
665 2007 796 2089 quinque
823 2007 902 2088 regis
921 2002 1067 2070 Eumenis
1092 2008 1181 2088 quin·
1208 2050 1211 2056 ,

132 2112 291 2173 queremes
313 2094 501 2155 invenerunt.
556 2091 710 2155 Sanctitas
740 2093 846 2173 templi
871 2092 1033 2173 insulaeque
1055 2094 1183 2155 inviola-

131 2192 181 2241 tos
196 2181 361 2261 praestabat
385 2199 501 2257 onmes.
546 2177 655 2259 ltaque
679 2178 823 2260 permixti
848 2178 1040 2261 Romanique
1063 2191 1094 2240 et
1111 2176 1184 2240 Ma-

132 2265 264 2327 cedones
291 2279 323 2328 et
337 2264 482 2327 Eumenis
506 2264 726 2327 navalessocii
747 2265 779 2325 in
804 2266 931 2346 templo,
953 2264 1089 2325 inducias
1112 2266 1183 2326 reli·
1208 2297 1212 2306 ·

130 2351 223 2432 grone
254 2351 315 2413 loci
345 2352 509 2433 prebente,
538 2350 745 2413 versabantur.
779 2343 951 2429 'Antenoq
981 2349 1079 2411 Persei
1107 2370 1183 2432 pra·
1208 2378 1212 2389 ·

131 2437 240 2513 sectus,
262 2456 357 2517 quum
373 2436 488 2517 aliquas
510 2438 537 2501 ⁶⁰,
549 2436 612 2498 alto
632 2436 764 2518 praeferri
780 2438 936 2499 onerarias
951 2456 1044 2497 naves
1058 2457 1097 2501 ex
1112 2456 1183 2518 spe-
1202 2466 1211 2495 .·

131 2524 205 2584 culis
237 2522 442 2602 significatum
471 2521 560 2599 foret,
598 2534 685 2602 parte
719 2522 887 2586 lemborum
918 2523 982 2604 ipse
1010 2522 1205 2602 insequens,.

131 2620 217 2692 parte
243 2629 299 2690 per
323 2607 472 2691 Cycladas
499 2606 656 2690 disposita,
672 2621 869 2692 preterquam
893 2607 918 2669 si
941 2628 1007 2689 quae
1030 2605 1182 2670 Macedo-

130 2697 212 2756 niam
227 2704 378 2777 peterent,
401 2713 507 2756 omnes
521 2705 575 2755 aut
589 2694 806 2776 subprimebat,
829 2707 882 2766 aut
907 2693 1060 2776 spoliabat
1080 2715 1182 2756 naves.

130 2785 156 2821 ⁶¹
168 2782 277 2862 quibus
293 2790 442 2861 poterut,e
459 2778 603 2861 Popillius
618 2791 672 2842 aut
683 2777 829 2841 Eumenis
840 2801 931 2842 naves
942 2780 1139 2844 subcumbet
1150 2782 1184 2843 εἴ
1206 2824 1210 2835 ·

130 2867 221 2928 ”sed
236 2867 313 2928 vecti
334 2878 425 2928 nocte
450 2866 528 2926 binis
552 2876 604 2926 aut
630 2867 724 2928 ternis
747 2866 924 2950 plerumque
947 2866 1055 2928 lembis
1070 2865 1198 2928 Mace·⁴

130 2953 224 3014 dones
246 2951 402 3015 fallebant.
447 2950 502 3012 Per
523 2951 553 3012 id
572 2950 633 3014 fere
654 2964 774 3034 tempus
796 2951 887 3034 legati
903 2951 1091 3014 Macedones
1107 2952 1184 3038 llly-

130 3038 227 3119 riique
246 3039 334 3100 simul
350 3037 494 3100 Rhodum
508 3048 666 3117 venerunt,
689 3040 799 3120 quibus
820 3040 1037 3101 auctoritatem
1062 3039 1182 3101 addidit

128 3143 195 3185 non
219 3124 381 3186 lembomm
407 3124 500 3186 modo
523 3123 681 3202 adventus,
702 3125 816 3208 passim
842 3145 896 3208 per
913 3124 1065 3209 Cycladas
1089 3137 1180 3208 atque

130 3206 273 3290 AEgaeum
286 3211 460 3292 vagantium
478 3230 572 3287 mare,
594 3211 649 3271 sed
669 3211 763 3274 etiam
787 3209 963 3292 conjunctio
986 3211 1055 3292 ipsa
1073 3231 1182 3290 regum

130 3293 235 3356 Persei
265 3292 433 3378 Gentiique,
463 3307 496 3358 et
522 3296 605 3358 lama
633 3316 703 3356 cum
734 3315 846 3374 magno
875 3317 1003 3361 nomem
1041 3296 1180 3377 peditum

129 3381 327 3464 equitumque
351 3383 531 3443 venientium
557 3379 724 3442 Gallorum.
767 3379 810 3442 Et
826 3379 893 3461 jam
917 3402 1009 3462 quum
1035 3382 1180 3442 accessis·

128 3479 200 3529 sent
222 3468 316 3528 animi
334 3467 450 3531 Dinoni
474 3489 510 3529 aa
532 3465 702 3551 Polyarato,
724 3466 775 3546 qui
802 3465 901 3528 Persei
925 3467 1058 3550 partium
1083 3480 1181 3546 erant,

129 3573 192 3614 non
212 3554 343 3636 benigne
366 3555 459 3616 modo
481 3573 658 3638 responsum
682 3552 801 3634 regibus
825 3565 881 3629 est,
903 3553 958 3615 sed
983 3554 1085 3635 palam
1109 3575 1180 3637 pro-

132 3640 321 3718 nunciatum,
344 3640 449 3702 ‘bello
472 3639 564 3702 linem
588 3661 621 3701 se
637 3640 819 3700 auctoritate
834 3658 888 3699 sua
904 3639 1087 3722 inposituros
1102 3662 1179 3702 esse.
1207 3650 1210 3654 ’

128 3725 141 3844 2
154 3725 257 3808 itaque
272 3726 331 3810 ipsi
346 3747 465 3811 quoque
481 3747 566 3808 reges
577 3746 677 3807 aequos
689 3725 869 3788 adhiberent
885 3725 1003 3787 animos
1018 3725 1059 3787 ad
1072 3734 1188 3808 pacem

155 3812 220 3873 acci
244 3811 389 3874 iendam.’
706 3825 710 3834 '

171 3834 277 3960 xii’x.
298 3897 406 3960 ”Jam
435 3899 512 3961 veris
543 3898 725 3982 principium
755 3910 832 3974 erat,
861 3899 993 3980 novique
1027 3897 1119 3974 duces
1150 3897 1181 3960 in
1207 3926 1209 3929 ·
1242 3951 1246 3959 .

194 3992 294 4046 ‘erret
305 3997 374 4048 Cres.
478 4005 489 4030 θ
501 3997 684 4060 potmrtDoer.
789 3996 1044 4048 ‘sammebmrlloen
1059 3993 1118 4062 hup.

161 4073 184 4112 ³⁹
200 4073 284 4125 Nenos
307 4077 457 4141 acciderunt]
486 4077 637 4139 intelligimus
669 4095 723 4128 cum
753 4077 872 4126 Grouovio
898 4087 1000 4140 poterant
1021 4088 1046 4126 et
1065 4093 1181 4126 murre-

128 4153 212 4189 πηνα
220 4142 343 4205 poplitum,
357 4141 520 4208 utsuprrjrm
533 4145 639 4208 exposui·
671 4145 733 4191 bant.
1041 4135 1056 4178 5

129 4205 357 4256 musl.xxxvrr.c.
370 4211 411 4258 42.
701 4205 724 4243 ⁶²
739 4207 781 4256 Sal
799 4209 855 4256 serti
872 4205 944 4269 mle]
972 4208 1018 4256 Sed
1040 4207 1181 4258 Macedones

160 4267 186 4303 ω
201 4269 251 4318 stro
260 4271 374 4336 preferri]
395 4273 542 4322 Praetemebi.
574 4275 613 4322 ste
621 4273 639 4321 1.
671 4283 739 4321 nocte
750 4273 832 4337 paucis
846 4271 930 4320 lembis
946 4275 1009 4330 verri,
1022 4273 1068 4320 sive
1082 4273 1178 4321 somnae
1204 4285 1208 4291 ’

130 4344 230 4380 xxviii.
243 4350 265 4384 c.
281 4337 321 4384 3⁰.
357 4335 429 4386 Unius
446 4340 539 4400 praelulo
557 4340 639 4400 impetu
666 4339 746 4400 usucctl,
762 4337 872 4385 fallebant
887 4335 1007 4402 Popillium
1026 4351 1051 4386 et
1065 4338 1178 4386 Eumenis

129 4397 379 4448 luurirelleriurmor
389 4404 485 4453 detersit
670 4416 748 4459 nasu,
769 4403 847 4464 sicque
862 4401 926 4450 nullo
944 4403 1047 4452 obstante
1067 4403 1183 4452 onerarias

155 4457 285 4514 ·⁶¹·Q¹dllus
316 4475 410 4528 murat,
446 4465 563 4528 Popillius,
599 4477 640 4515 cut
670 4467 765 4514 hostiles
776 4465 945 4531 impugnabant.

130 4523 237 4576 &menis
274 4545 346 4594 nom,
377 4531 534 4596 succurrebrl]
577 4531 639 4596 Lege
704 4529 726 4566 ⁰³
742 4531 795 4580 Jrn
816 4534 871 4581 mre
885 4534 1020 4595 principium
1041 4532 1102 4596 mr]
1133 4530 1183 4579 lui·
