3184 5225
387 354 445 418 '114
808 345 891 412 Tl'l’l
907 349 1010 412 L1v11

224 513 368 573 morsus
392 528 515 574 omnem
540 508 722 587 deditorum,
744 526 810 588 quae
835 524 931 589 prope
946 520 1073 566 nurnero
1096 504 1263 566 exercitum
1286 505 1440 586 aquabat,

226 584 362 642 mm
393 594 553 661 Stuberam
575 594 714 656 bbducit.
758 590 804 654 lbi
830 591 1012 669 ⁷Romanis,
1046 590 1187 671 (quatuor
1214 590 1311 651 millia
1332 602 1437 653 autent

392 680 551 746 bominum
573 679 672 760 erant)
701 689 808 762 practer
831 678 993 759 principes,
1017 677 1049 737 in
1072 676 1244 737 custodiam
1267 677 1436 739 civitatium

394 767 506 845 divisis,
527 764 752 828 Uscanensibus
775 762 942 847 Illyriisque
964 762 1106 839 venditis,
1128 762 1160 823 in
1185 760 1356 823 Penestiam
1380 782 1435 824 ex·

394 854 520 920 ercitum
538 853 662 915 reducit
684 850 891 913 adoreneum
914 848 1059 933 oppidum
1080 846 1118 909 ‘in
1143 858 1328 930 potestatem
1354 848 1435 909 redi·

393 938 537 1021 gendum.
560 948 592 1001 et
606 938 718 1019 alioqui
740 946 909 1019 opportune
930 936 1035 1013 situm,
1058 945 1089 996 et
1108 934 1253 995 transitus
1275 954 1313 995 ea
1334 946 1381 995 est
1402 935 1435 994 in

393 1024 554 1104 Labeates,
576 1026 627 1086 ubi
642 1022 770 1086 Gentius
790 1022 948 1103 regnabat.
991 1020 1188 1082 Praetereunti
1204 1018 1342 1100 frequens
1366 1038 1436 1080 cas·

321 1110 326 1119 “
393 1112 511 1190 tellum,
545 1108 743 1173 Draudacum
772 1108 906 1186 nomine,
945 1108 1110 1190 peritorum
1141 1104 1264 1187 quidam
1300 1105 1436 1187 regionis

394 1196 470 1279 ejus,
485 1196 585 1257 ‘nihil
600 1196 712 1257 anneo
726 1206 818 1277 capto
834 1212 909 1277 opus
920 1192 1006 1271 esse,'
1023 1193 1077 1272 ait,
1093 1192 1171 1252 ‘nisi
1187 1204 1220 1253 ct
1234 1202 1384 1273 potestate
1400 1203 1437 1251 et

394 1283 409 1317 '
419 1280 615 1346 Draudacum
627 1282 677 1343 sit.
691 1280 913 1362 'opportunius
925 1280 1018 1341 etiam
1033 1279 1074 1340 ad
1085 1278 1189 1339 omnia
1198 1278 1329 1359 positum
1341 1273 1437 1338 esse?

393 1368 530 1430 Admoto
556 1366 702 1444 exercitu,
728 1384 834 1427 omnes
860 1365 1014 1446 externplo
1041 1363 1222 1426 dediderunt
1246 1382 1321 1423 sese.
1366 1362 1439 1431 Qua

395 1472 449 1537 spe
477 1453 626 1534 ,celeriore
662 1448 817 1513 deditione
850 1460 977 1529 erectus,
1011 1460 1171 1531 postquam
1210 1447 1435 1524 animadvertit,

395 1550 525 1619 quantus
546 1536 675 1619 agminis
690 1536 738 1599 sui
759 1548 855 1599 terror
875 1548 964 1613 esset,
985 1536 1127 1597 undecim
1150 1534 1211 1595 alia
1232 1533 1358 1595 castella
1380 1554 1436 1595 eo-

395 1622 465 1687 dem
479 1635 562 1685 metu
588 1624 620 1684 in
635 1634 819 1705 potestatem
843 1622 964 1703 redigit.
981 1622 1020 1683 ad
1041 1640 1193 1703 perpauca
1214 1620 1243 1680 vi
1265 1640 1342 1701 opus
1365 1618 1435 1697 fuit,

394 1721 496 1771 cetera
509 1709 667 1771 voluntate
685 1708 809 1769 dedita:
833 1718 865 1769 ct
878 1709 910 1769 in
928 1708 975 1768 his
991 1707 1104 1787 recepti
1125 1705 1208 1767 mille
1224 1716 1255 1766 et
1275 1706 1435 1787 quingenti

395 1794 533 1877 dispositi
554 1815 609 1877 per
630 1792 769 1877 praesidia
793 1792 904 1855 milites
926 1790 1068 1855 Romani.
1122 1790 1241 1873 Magno
1267 1790 1334 1851 usui
1357 1790 1434 1852 Car-

396 1880 480 1943 e'ilius
501 1875 676 1962 Spoletinus
698 1890 764 1941 erat
785 1880 817 1940 in
840 1879 1017 1959 conloquiis,
1041 1876 1183 1955 dicendo,
1199 1876 1275 1938 nihil
1298 1878 1330 1937 in
1352 1877 1435 1957 ipsos

396 1966 539 2029 saeviwm.
582 1965 633 2027 Ad
663 1955 809 2027 anneuni
825 1966 1021 2047 preventum
1052 1975 1110 2041 sat,
1141 1963 1223 2044 quod
1256 1963 1320 2023 sine
1351 1961 1437 2043 justa

395 2048 622 2133 obpugnatione
637 2052 705 2133 capi
727 2070 788 2112 non
804 2061 944 2133 poterat3
967 2060 999 2110 ct
1013 2049 1127 2132 majore
1150 2049 1318 2131 aliquanto,
1341 2066 1435 2129 quam

396 2146 507 2214 cetera,
530 2135 700 2218 juventute,
722 2148 755 2198 ct
785 2135 917 2198 validum
951 2137 1097 2219 oppidum
1120 2136 1270 2197 moenibus
1304 2145 1378 2195 erat.
1401 2133 1436 2196 et

330 2260 340 2268 ‚
394 2222 466 2284 hinc
489 2222 586 2284 amnis
607 2221 733 2286 Artatus
760 2223 896 2301 nomine,
918 2222 989 2283 binc
1016 2240 1104 2284 mons
1126 2222 1267 2302 praealtus
1295 2232 1326 2281 et
1347 2219 1435 2282 aditu

395 2308 524 2370 difficilis
547 2309 699 2389 cingebat.
719 2309 783 2369 hoec
807 2328 892 2389 spem
913 2308 952 2369 ad
974 2308 1175 2370 resistendum
1196 2307 1355 2389 oppidanis
1378 2307 1439 2368 da·

393 2395 478 2455 bant.
521 2392 656 2470 Perseus,
678 2392 1052 2475 circumvallatopoppido,
1078 2412 1259 2474 aggerem-a
1274 2404 1361 2475 parte
1384 2412 1441 2453 sue

394 2479 513 2561 periore
536 2478 647 2540 ducere
667 2478 811 2555 instituit,
842 2477 927 2560 cujus
950 2478 1110 2540 altitudine
1138 2499 1242 2540 muros
1269 2489 1436 2561 superaret.

395 2563 477 2645 quod
504 2580 581 2646 opus
606 2563 679 2626 dum
703 2563 869 2646 perficitur,
888 2564 1006 2640 ‘crebris
1029 2564 1150 2626 interim
1176 2563 1299 2647 proeliis,
1327 2566 1436 2645 quibus

393 2669 449 2731 per
463 2648 655 2710 excursiones
669 2659 703 2722 et
716 2651 831 2710 moenia
852 2669 906 2711 sua
921 2650 1064 2733 oppidani
1079 2648 1264 2726 tutabantur,
1286 2661 1318 2712 et
1340 2669 1437 2730 opera

393 2733 527 2797 hostiurn
548 2733 755 2815 inpediebant,
770 2753 883 2817 magrra
903 2756 1007 2799 eorum
1029 2735 1190 2798 multitudo
1203 2733 1290 2795 variis
1312 2735 1436 2796 casibus

394 2820 535 2889 absumta
548 2830 595 2881 est
606 2842 630 2904 r¹
646 2831 688 2898 et,
711 2821 762 2900 qui
777 2832 965 2903 supererant,
979 2823 1083 2883 labore
1105 2822 1209 2882 diunm
1222 2831 1437 2903 nocturnoque

394 2917 430 2967 et‘
446 2905 618 2975 vulneribus
641 2906 761 2967 inutiles
787 2919 882 2970 erant.
927 2905 989 2969 Ubi
1014 2908 1146 2989 primum
1163 2925 1254 2988 agger
1277 2905 1434 2987 injunctus

393 2991 481 3052 muro
497 3002 553 3069 est,
574 3002 608 3053 et
622 2991 733 3054 cohors
754 2994 849 3073 regia,
864 3013 939 3076 quos
960 2989 1123 3055 Nicatoras
1148 2992 1312 3075 adpellant,
1331 3003 1435 3052 trans·

395 3076 523 3155 stendit,
537 3089 570 3139 et
585 3077 675 3138 scalis
688 3079 792 3140 multis
810 3079 899 3141 simul
913 3079 1050 3162 partibus
1065 3079 1185 3161 inpetus
1207 3079 1238 3139 in
1260 3079 1364 3138 urbem
1387 3088 1437 3140 est

394 3161 502 3224 iactus.
526 3163 654 3245 puberes
680 3184 784 3225 omnes
812 3164 961 3228 interfecti
977 3176 1068 3227 sunt:
1094 3161 1238 3246 conjuges
1264 3164 1438 3245 liberosque

395 3267 500 3310 eornm
529 3249 561 3309 in
591 3248 763 3315 cirsmdiam
790 3250 898 3312 dedit:
933 3251 1040 3334 praedae
1067 3250 1128 3312 alia
1155 3251 1286 3312 militum
1309 3269 1437 3311 cessere.

228 3341 365 3420 ιομιοιιιῑ
396 3331 558 3396 Stuberarn
581 3334 651 3398 inde
673 3335 771 3398 victor
792 3331 943 3398 revertens
966 3337 1005 3398 ad
1026 3333 1173 3398 Gentium
1195 3335 1326 3417 legatos,
1347 3334 1436 3396 Pleu-

225 3405 343 3520 {Wm
397 3431 496 3482 ratnrn
523 3417 668 3504 illyrium,
690 3422 877 3484 exsulantem
901 3423 982 3505 apud
1008 3443 1051 3502 se,
1074 3431 1107 3484 et
1128 3421 1306 3504 9Αριιιειιιιι
1328 3417 1438 3483 Mace·

226 3486 327 3593 „ff
397 3506 508 3571 donem
530 3527 550 3568 a
568 3505 689 3586 Beroea,
703 3509 811 3572 mittit.
856 3507 897 3569 lis
916 3509 1052 3586 mandat,
1067 3519 1101 3571 ut
1123 3517 1311 3589 exponerent
1322 3507 1439 3568 testatis

397 3588 462 3672 ejus
486 3589 653 3675 hiemisque
677 3606 748 3656 acta
772 3613 829 3656 aua
854 3594 993 3657 adversus
1020 3592 1176 3655 Romanos
1205 3591 1438 3674 Dardanosque.

397 3674 564 3758 adjicerent
592 3679 728 3741 recentia
748 3678 780 3740 in
804 3678 924 3764 illyrico
949 3681 1083 3743 lribemae
1105 3675 1308 3762 expeditionis
1332 3694 1441 3760 opera.

396 3760 625 3831 ¹iberturentur
649 3763 795 3827 Gentium
820 3765 851 3828 in
877 3764 1044 3830 amicitiam
1066 3786 1170 3828 secum
1193 3775 1307 3828 etcum
1328 3761 1440 3826 Mace·

396 3849 525 3914 donibus
534 3850 734 3933 jungendam.

425 4067 625 4122 ’Rmnu
635 4079 716 4134 preter
736 4073 853 4136 principes,
875 4073 900 4121 in
931 4073 1312 4132 cunemannus-riomense.
1346 4071 1441 4119 Graio·

394 4135 513 4181 eremium
532 4137 647 4184 οιύίὴιιιιιι
666 4137 740 4185 divisis
782 4135 900 4202 Princ'qree
931 4141 1004 4188 risun
1014 4139 1136 4196 editiones,
1144 4139 1286 4201 φροηιιιιὲιιι
1295 4138 1359 4184 orris.

393 4204 480 4272 nenipq
489 4203 701 4260 secombebait,ut
757 4200 901 4262 igitorexiis
963 4203 1112 4266 vepretum]
1134 4203 1248 4254 lesdas
1263 4216 1276 4247 a
1294 4198 1441 4262 Polybioeo·

393 4263 786 4324 qoecrmnmrtnfndscarritic
804 4265 900 4318 Οιιειω
933 4268 1149 4330 calcabant-76.
1466 4277 1474 4302 ¹

393 4327 717 4392 cmmdoepereiritetee
726 4332 811 4381 dmin
966 4334 988 4367 ¹⁰
1005 4329 1445 4380 Hortanntaertirsaiamricitim

426 4391 438 4424 ⁸
466 4392 614 4454 Opportunitas
639 4399 716 4457 eam]
747 4395 900 4461 iteporeimue
933 4393 1154 4463 ....jungendcn]
1179 4395 1258 4459 Meris
1282 4394 1385 4462 placeret
1410 4393 1442 4442 td

393 4457 700 4524 receapriueccitimir
714 4472 739 4510 et
753 4460 899 4522 Sigoaiilec·
931 4463 1056 4516 missiove.
