3184 5225
496 346 574 405 tlt.
587 346 669 406 XLI.
691 346 772 407 CAP.
787 346 872 408 vlu.
1182 357 1200 408 9

151 494 272 579 Scipio,
288 495 325 561 C.
335 507 356 537 Ν
372 494 513 562 Valerius
536 500 679 565 laevinus.
723 502 879 565 Tuberoni
895 502 1011 563 urbana
1021 501 1207 584 jurisdictio,
1220 515 1254 563 U.
1267 514 1366 564 0574.

154 583 303 654 Quinctio
328 586 489 668 peregrina
514 590 625 664 evcnit,
652 588 793 653 Numisio
817 588 933 667 Sicilia,
957 588 1111 651 Mummio
1136 588 1208 651 Sar·
1222 579 1289 627 hc·
1304 581 1360 628 178.

154 670 261 731 dinia:
289 671 343 733 sed
365 693 401 733 ea
424 684 550 756 propter
566 676 636 737 belli
652 677 894 758 magnitudinem
920 676 1074 757 provincia
1096 698 1208 738 coosu-

155 756 232 819 laris
257 758 348 820 lacta.
392 756 549 823 Gracchus
565 783 633 823 eam
650 765 787 841 sortitur,
808 762 928 824 istriam
944 760 1107 839 Claudius;
1140 761 1209 825 Sci·

156 844 211 926 pio
234 856 266 906 et
288 842 425 907 Larinas
440 843 585 926 Galliam,
609 850 641 909 in
666 850 742 911 duas
757 850 885 910 divisam
902 850 1082 931 provincias,
1108 850 1209 913 sortiti

1223 644 1360 694 Prosinciae.

160 944 242 991 sunt.
295 928 399 993 idibus
429 930 561 1012 Martiis,
595 956 656 1017 quo
692 935 741 997 die
776 932 975 1017 Sempronius
1006 935 1210 1017 Claudiusque
1223 960 1296 1009 Μ,
1309 962 1367 1009 575.

160 1016 354 1079 consulatum
379 1018 523 1099 inierunt,
547 1022 664 1083 mentio
681 1031 800 1084 tautum
816 1022 855 1083 de
879 1022 1043 1104 provinciis
1069 1020 1212 1084 Sardinia
1223 1028 1254 1074 Λ·
1266 1027 1295 1074 C·
1311 1024 1367 1073 177.

158 1102 309 1184 Istriaque
336 1108 408 1167 ³²et
433 1106 588 1189 utriusque
611 1108 749 1171 hostibus
780 1108 848 1185 fuit,
873 1109 924 1190 qui
948 1108 980 1168 iu
1010 1108 1058 1169 his
1089 1088 1379 1215 provirrjssisslsgssfg

160 1190 216 1251 ciis
232 1190 346 1252 hcllurn
363 1192 574 1257 concivissent.
619 1192 743 1257 Postero
760 1194 810 1255 die
825 1198 851 1233 ³³
864 1194 958 1275 legati
969 1191 1146 1271 Sardorum,
1159 1217 1210 1277 qm
1223 1224 1340 1271 „qoem

162 1275 202 1337 ad
217 1298 313 1339 novos
335 1278 530 1359 magistratus
547 1280 633 1342 dilati
660 1293 758 1359 erant,
783 1279 847 1343 li.¹¹
868 1280 1024 1342 Minucius
1047 1276 1211 1360 Thermus,

162 1363 213 1443 qui
229 1363 349 1445 legatus
365 1362 474 1427 Manlii
491 1368 623 1429 consulis
640 1367 671 1429 iu
687 1366 777 1429 lstria
793 1368 903 1445 fuerat,
919 1367 949 1429 in
965 1377 1104 1429 senatum
1115 1368 1210 1429 venit.

161 1451 212 1512 Ab
233 1452 281 1511 his
304 1451 432 1513 edoctus
465 1464 512 1513 est
534 1465 667 1531 senatus,
697 1466 858 1535 quantum
876 1454 946 1515 belli
978 1476 1020 1515 eae
1050 1454 1211 1537 provinciae

163 1537 321 1599 haberent.
363 1535 530 1602 Moverunt
546 1552 685 1601 senatum
702 1553 735 1602 et
749 1541 917 1622 legationes
942 1542 1058 1603 socissm
1079 1541 1211 1603 nominis

163 1621 278 1701 latini,
295 1645 361 1704 qua
376 1636 409 1685 et
422 1645 562 1687 censores
578 1638 610 1687 et
630 1628 745 1709 priores
770 1627 910 1688 consules
933 1631 960 1665 ⁸⁴
972 1626 1175 1709 fatigaverunt
1186 1637 1210 1705 ⁰,
1224 1632 1357 1681 tainorum

163 1710 288 1773 taudem
317 1712 348 1771 in
373 1723 512 1773 senatum
537 1712 726 1775 introductae.
770 1712 899 1775 Summa
922 1715 1108 1795 querelarum
1134 1698 1332 1792 erat,‘1¹¹‘¹‘¹³‘·

164 1795 278 1859 ‘Cives
294 1818 364 1859 suos
385 1797 491 1861 Roma
516 1820 623 1863 censos
649 1800 809 1881 plerosque
832 1798 963 1861 Romam
983 1802 1211 1883 commigrasse.

163 1882 281 1954 ‘Quod
297 1886 323 1945 si
338 1885 541 1965 permittatur,
565 1888 724 1968 perpaucis
744 1888 846 1949 lustris
870 1887 1014 1965 futurum,
1038 1900 1072 1949 ut
1092 1888 1214 1949 deserta

164 1970 175 2002 ‘
191 1970 317 2053 oppida,
327 1970 439 2033 deserti
449 1973 526 2053 agri,
537 1973 653 2035 nullum
665 1972 792 2035 militem
805 1973 877 2035 dare
889 1972 1033 2057 possent'
1057 1973 1212 2055 Fregellas

165 2077 285 2140 quoque
301 2057 398 2119 millia
411 2072 542 2141 quatuor
565 2059 747 2121 familiarum
770 2061 914 2143 transisse
939 2062 977 2121 ab
997 2082 1040 2137 se,
1056 2059 1212 2121 Sanmites

164 2141 342 2225 Pelignique
357 2146 580 2225 querebantur:
597 2167 696 2226 neque
712 2162 749 2209 eo
766 2147 866 2207 miuus
881 2150 908 2185 ³⁵
919 2160 973 2208 aut
981 2148 1038 2207 bos
1049 2160 1103 2208 aut
1118 2147 1212 2206 illos¹³

163 2231 195 2291 in
205 2230 359 2293 delectum
373 2232 504 2295 militum
516 2232 598 2295 dare.
642 2230 765 2295 Genera
776 2243 878 2293 autern
891 2232 1006 2294 fraudis
1016 2233 1077 2293 duo
1090 2245 1213 2292 mutan-

166 2317 211 2379 dae
224 2317 339 2379 viritim
355 2319 484 2381 civitatis
502 2319 629 2381 inducta
652 2332 749 2380 eraut.
784 2317 851 2379 Lex
877 2321 903 2356 ³⁶
916 2319 1006 2379 sociis
1022 2338 1058 2378 ac
1082 2318 1214 2379 nominis

166 2402 283 2481 Latini,
298 2404 350 2485 qui
373 2405 494 2487 stirpem
519 2426 557 2468 ex
579 2426 644 2466 sese
661 2405 745 2467 domi
760 2405 976 2485 relinquerent,
1000 2404 1104 2478 dabat,
1119 2417 1153 2465 ut
1169 2403 1214 2462 ci·

166 2511 220 2551 ves
249 2490 383 2552 Romani
413 2492 526 2554 herent.
548 2514 585 2553 ea
608 2492 675 2573 lege
699 2492 778 2553 male
804 2492 931 2568 utendo,
957 2491 1008 2551 alii
1033 2491 1134 2566 sociis,
1164 2488 1215 2550 alii

166 2577 285 2660 populo
310 2576 449 2640 Romano
475 2578 616 2663 injuriam
641 2578 805 2642 faciebant.
850 2576 932 2639 Nam
956 2589 998 2656 et,
1021 2598 1061 2640 ne
1087 2577 1214 2659 stirpem

169 2665 252 2726 domi
283 2665 497 2746 relinquerent,
528 2667 637 2728 liberos
664 2687 734 2728 suos
764 2665 980 2747 quibusquibus
1007 2663 1155 2726 Romanis
1184 2664 1216 2724 in

169 2773 237 2814 eam
262 2753 483 2832 conditionem,
518 2763 553 2816 ut
575 2753 874 2829 manumitterentur,
904 2751 1059 2834 mancipio
1090 2751 1218 2826 dabant,

169 2839 362 2921 libertinique
378 2839 458 2901 circs
474 2835 594 2902 esseht:
619 2843 645 2885 ³⁷
655 2852 687 2901 et
702 2840 810 2920 quibus
825 2839 959 2920 stirpes‘l
979 2838 1109 2914 deesset,
1124 2857 1215 2919 quam

198 2946 497 3000 =C.t.‚P.Gron.Csev.
618 2947 857 3011 ''etLCrertRup
879 2978 886 2991 ·
971 2946 1141 3011 ‘’fatigareturrt
1153 2945 1219 2995 Esed.

171 3011 392 3082 ritmptmoron,
484 3014 635 3076 surpasse.

167 3105 194 3151 fit
206 3103 236 3152 L.
249 3104 360 3152 Mummii
371 3103 458 3152 tribuni
469 3105 549 3168 plebis,
559 3105 598 3168 qui
615 3105 676 3152 idem
710 3102 800 3152 censuit
828 3100 965 3150 Gronovius.
1008 3101 1084 3162 Vulgo
1100 3100 1219 3165 fitigars·

170 3169 260 3216 ridetur
269 3185 320 3217 esse
331 3186 384 3217 cum
394 3171 439 3218 hoc
451 3183 555 3232 praetore.
708 3180 771 3217 ruat.

205 3234 269 3281 seg,
291 3237 403 3298 utriusque
431 3235 526 3284 hostibus
546 3270 553 3283 .
571 3269 577 3282 .
595 3238 634 3296 qui
653 3237 678 3284 iu
740 3232 1000 3296 maturassemus]
1025 3231 1073 3280 Aut
1093 3231 1219 3290 Samnites,

174 3299 209 3346 his
217 3302 331 3360 proviaciis
348 3301 428 3348 auen
448 3298 605 3361 marcirisssrrt]
625 3300 677 3348 lloc
710 3311 749 3347 aut
762 3299 874 3358 Pelignos.

176 3375 263 3420 totum,
289 3368 327 3426 qul
352 3367 376 3413 ia
403 3367 436 3413 his
460 3368 577 3426 prum'rrciis
600 3365 680 3412 bellum
744 3362 792 3398 ³⁶⁸
812 3364 878 3411 Sociis
898 3379 925 3409 nc
947 3363 1039 3408 nominis
1060 3357 1152 3469 latim}
1182 3359 1218 3407 Sic

174 3432 392 3488 caasa-faemos
414 3431 575 3478 videturesse
603 3429 677 3477 Livii:
711 3430 769 3476 intra
781 3443 803 3475 c.
816 3431 840 3476 9.
861 3425 907 3479 Qui
917 3429 968 3473 seit
978 3442 1005 3472 ac
1022 3426 1115 3472 nominis
1153 3426 1218 3472 artur.

175 3495 211 3543 tui
224 3495 581 3561 suffeceratsurinrquehosn'bru.
596 3494 618 3542 id
637 3507 682 3551 est.
713 3493 830 3542 Nimirum
848 3491 999 3556 supplendum
1021 3502 1056 3538 ert
1076 3490 1162 3550 populis
1182 3490 1220 3538 vel

173 3559 280 3608 hostibus
290 3563 329 3624 qui
341 3563 364 3610 in
377 3573 472 3624 utraque
482 3561 595 3625 provincia
607 3574 681 3609 erant.
711 3560 796 3622 populi,
806 3570 874 3622 prout
884 3557 942 3605 ratio
953 3569 1073 3604 structurae
1084 3555 1192 3619 postulor.

205 3624 321 3690 ”legari
342 3627 460 3675 Sardorum
540 3637 561 3674 et
580 3626 610 3674 L.
632 3627 679 3674 Mi-
744 3623 810 3670 ³⁷Er
831 3622 909 3684 quibus
928 3625 1003 3683 stirpes
1022 3624 1171 3668 deesset...
1193 3629 1220 3667 ot

174 3692 255 3738 siricius
277 3690 382 3740 Therma
400 3727 425 3742 ..
445 3695 470 3741 in
486 3699 584 3740 scnotrrm
608 3691 677 3754 uenit]
712 3691 767 3737 eires
790 3685 995 3747 llornmlfiehmt]
1024 3685 1100 3732 Primo
1116 3685 1219 3749 reposui-

175 3754 307 3804 Gronorius
329 3757 409 3806 mallet
429 3767 543 3806 uenerunt.
576 3758 621 3804 Sed
646 3758 681 3804 nl·
713 3771 764 3802 mus
781 3756 865 3815 stirpes,
882 3753 995 3814 quomodo
1017 3751 1085 3796 fuisse
1103 3749 1126 3795 in
1145 3765 1221 3796 mem·

172 3819 208 3867 hil
219 3823 370 3870 videturesse
382 3823 509 3872 mutatione
521 3839 585 3885 opus.
617 3822 681 3870 Ver·
714 3820 788 3867 branis
807 3829 905 3866 testatur
919 3816 1070 3890 Gronoviusr
1083 3823 1109 3859 et
1121 3815 1152 3860 sle
1162 3831 1222 3874 quo·

175 3887 231 3935 burn
247 3889 346 3937 refertur
363 3891 390 3936 ad
407 3905 460 3937 enm
478 3889 516 3952 qni
536 3889 618 3936 ultimo
639 3903 681 3935 no·
715 3901 759 3946 qne
786 3885 871 3946 primos
897 3883 970 3930 editos
1003 3880 1107 3954 habuisse
1143 3889 1223 3954 monet

173 3955 277 4002 minatus
287 3967 331 4014 est,
347 3966 372 4002 et
389 3954 683 4016 intelligendumrellnqui-
715 3951 843 3998 Henrnius.
883 3949 943 3994 Sane
971 3961 1018 3992 non
1044 3945 1117 3999 rideo,
1136 3955 1222 4020 'mqmr

177 4029 216 4065 tur
231 4018 340 4082 inprimo
363 4022 473 4068 membro.
507 4019 546 4068 Sic
565 4019 685 4077 Horatius,
717 4015 854 4070 Gronovius,
875 4028 917 4061 eur
939 4027 984 4058 nou
1008 4025 1073 4072 seque
1096 4021 1222 4086 antiquans

179 4081 249 4136 Qum
268 4086 339 4146 jurat
365 4085 455 4141 cluana,
481 4085 589 4149 gulaeque
616 4085 683 4132 leues:
715 4085 792 4142 stirpes
806 4078 972 4141 diclporuerit‚
992 4093 1034 4126 cur
1053 4090 1099 4122 non
1118 4089 1223 4138 usurpare

176 4160 202 4196 et
223 4164 321 4197 rursus:
342 4149 378 4197 Sic
397 4160 418 4198 te
438 4149 498 4197 Diua
514 4159 587 4212 potens
605 4149 683 4212 Cypri,
717 4147 816 4201 aL‘rvio‚
828 4159 895 4206 qnam
905 4144 981 4204 plebes.
1000 4140 1148 4189 llccentiores
1167 4139 1223 4188 editi

174 4217 206 4262 sle
212 4213 302 4277 fratres
322 4214 420 4276 Helena,
440 4215 515 4263 lucida
533 4217 614 4273 sidero,
631 4229 684 4262 ren·
717 4212 806 4260 habent
827 4212 900 4270 rtiqrr.
935 4207 1025 4255 Deinde
1053 4206 1158 4281 Sigonius
1177 4205 1224 4264 legi

176 4289 293 4344 torumque
308 4291 370 4341 regat
390 4291 462 4342 poter.
501 4279 625 4344 Complura
654 4278 685 4324 ni·
716 4277 811 4342 jubetii
826 4277 888 4322 eires.
921 4273 966 4320 Sed
985 4275 1059 4336 majus
1075 4271 1114 4317 hic
1135 4272 1224 4318 radetur

176 4345 239 4392 milis
266 4361 295 4392 cs
327 4345 425 4395 llcratio
454 4346 558 4410 exempla
596 4343 686 4404 collegit
719 4341 869 4397 asseramus,
885 4355 952 4402 quam
972 4351 999 4386 ut
1014 4351 1062 4385 ram
1080 4335 1166 4411 leniter
1182 4350 1225 4382 cu-

176 4409 392 4463 Bemleiusianos.
406 4411 646 4462 nesteronem.
719 4408 762 4456 rari
785 4406 862 4470 possit.
905 4406 984 4466 ltaque
1015 4416 1116 4465 qusmrrs
1139 4401 1226 4474 squuct

209 4477 232 4510 ³⁴
260 4475 430 4542 fatigaverant]
484 4476 522 4526 Sic
564 4474 687 4538 legendum
720 4471 971 4524 editicmendsticnem
984 4468 1068 4530 sigonii
1086 4476 1225 4530 recepermr,
