3184 5225
187 488 236 539 Ἦ.
247 488 277 539 c.
287 488 343 537 uss.

193 554 234 605 Ἀ.
244 552 284 604 0.·
301 553 342 605 68.

368 323 427 386 ilo·
785 320 874 380 ΤΙΤΙ
893 320 996 381 mvn

367 500 436 563 quse
452 480 509 543 rie
528 476 810 563 propinquae-mut,
832 476 939 559 coepit,
960 487 997 538 ut
1018 487 1204 539 commestus
1225 478 1424 561 expedirent,

370 567 526 644 frumenti,
539 566 613 642 vini,
627 584 773 647 pecorum
786 574 824 625 ut
841 564 931 646 copia
944 574 1035 626 esset
1058 564 1123 645 ipse
1138 584 1244 647 eqrros,
1259 566 1419 647 phaleras-

371 674 441 736 que,
451 666 489 715 et
503 652 621 734 sagula,
636 650 751 712 donum
767 650 953 733 principibus
966 649 1056 729 ferre,
1072 664 1106 712 et
1119 671 1225 734 parum
1243 652 1421 733 sort-qood

347 742 451 803 “inter
463 760 578 823 paucos
593 737 752 815 divideret,
765 736 994 799 multitudinem
1011 736 1139 799 eredens
1153 738 1232 800 trahi
1248 759 1303 821 spe
1319 757 1421 820 posse.

369 827 421 890 Ad
445 830 474 866 ⁴¹
483 826 647 888 Almanam
672 824 778 886 urbem
806 824 952 907 pervenit,
979 835 1011 886 et
1036 824 1068 885 in
1094 824 1161 907 ripa
1189 824 1322 887 fluminis
1345 824 1419 886 Axii

362 913 475 999 posuit
495 924 607 975 castra.
630 912 713 973 circa
725 914 754 950 ⁴⁸
762 908 959 973 Desudabam
984 911 1015 971 in
1032 908 1164 972 Maedica
1178 912 1327 973 exereitus
1343 908 1420 973 Gal·

370 1000 470 1063 lorum
491 998 684 1076 consederat,
699 997 872 1059 mercedem
888 1008 1009 1079 pactam
1033 997 1203 1079 opperiens.
1254 996 1301 1059 lio
1319 998 1420 1059 mittit

370 1088 572 1168 Antigonum,
587 1105 627 1146 ex
648 1084 945 1167 purpuratisuruum,
966 1084 1016 1165 qui
1035 1082 1168 1165 juberet,
1189 1083 1416 1146 multitudinem

368 1172 528 1236 Gallorum
543 1172 584 1233 ad
603 1170 755 1254 Bylazora
772 1170 912 1249 (Poeoniae
933 1172 958 1230 is
981 1171 1065 1231 locus
1086 1170 1147 1251 est)
1164 1182 1262 1231 castra
1281 1190 1419 1249 movere,

347 1259 520 1343 principes
551 1258 592 1319 ad
620 1278 654 1319 se
677 1258 781 1319 venire
807 1256 993 1339 frequentes.
1019 1258 1256 1339 “septuaginta
1280 1258 1416 1339 quinque

356 1346 467 1407 millis
486 1346 527 1406 ab
540 1344 622 1405 Axio
637 1343 761 1406 flumine
783 1354 816 1405 et
836 1344 943 1405 castris
959 1344 1037 1424 regis
1053 1344 1188 1405 aberant.
1238 1340 1311 1403 Haec
1326 1362 1416 1404 man-

369 1432 443 1494 data
466 1431 505 1492 ad
527 1451 579 1492 eos
596 1451 690 1512 quum
712 1430 887 1513 pertulisset
906 1428 1091 1510 Antigonus,
1114 1428 1344 1512 adjecissetque,
1362 1448 1418 1511 per

366 1519 449 1580 viam
462 1530 580 1599 quanta
598 1516 738 1578 omnium
751 1526 924 1599 preparata
938 1536 1011 1576 cura
1031 1516 1111 1597 regis
1125 1516 1214 1597 copia
1229 1514 1416 1577 multitudini

369 1604 460 1682 foret,
476 1605 643 1686 quibusque
663 1603 838 1664 muneribus
854 1602 1005 1683 principes
1027 1601 1232 1679 advenientes,
1246 1603 1351 1680 vestis,
1360 1622 1416 1664 ar·

368 1691 466 1772 geuti,
485 1708 690 1772 equorumque
713 1692 897 1770 excepturus
919 1708 972 1750 rex
998 1698 1088 1766 esset,
1107 1688 1145 1749 de
1166 1688 1214 1749 his
1236 1688 1360 1769 quidem
1382 1710 1415 1750 se

353 1790 472 1839 'coram
495 1776 673 1859 cognituros
696 1774 892 1858 respondent.
915 1773 1002 1853 illud,
1025 1774 1108 1855 quod
1130 1794 1260 1857 presens
1280 1774 1416 1856 pepigis-

370 1875 449 1941 sent,
469 1864 669 1944 interrogant,
689 1861 841 1943 ⁴“ecquid
857 1881 974 1938 aurum,
990 1862 1074 1942 quod
1094 1861 1126 1921 in
1147 1860 1278 1942 singulos
1294 1861 1419 1942 pedites

367 1951 546 2033 equitesque
560 1948 757 2010 dividendum
779 1959 871 2026 esset,
886 1967 989 2009 seeum
1012 1947 1211 2010 adduxisset?
1255 1946 1355 2016 Quum
1372 1948 1416 2009 ad

367 2036 401 2097 id
420 2036 500 2097 nihil
518 2036 767 2119 responderetur,
786 2033 952 2095 Clondicus
974 2034 1095 2115 regulus
1118 2054 1233 2112 eorum,
1254 2032 1341 2111 Ἀῶ,
1363 2054 1415 2096 re·

366 2120 622 2204 ‘nunciaergq’
645 2123 754 2203 inquit,
777 2122 875 2204 ‘regi,
890 2124 917 2161 ⁴⁶
927 2121 985 2181 nisi
1000 2140 1106 2181 aurum
1124 2121 1299 2203 obsidesque
1321 2140 1414 2182 acce·

347 2210 522 2292 ·‘pissent‚
544 2228 693 2289 nusquam
716 2208 789 2270 inde
803 2206 909 2270 Gallos
932 2208 1052 2289 lougius
1073 2208 1234 2289 vestigium
1256 2205 1416 2269 moturos?

366 2294 444 2359 Haec
459 2298 556 2358 relata
573 2296 638 2378 regi
653 2305 883 2378 quumessent,
899 2296 1047 2356 advocato
1069 2294 1205 2372 consilio,
1221 2314 1325 2374 quum,
1340 2294 1413 2375 quid

366 2403 475 2443 omues
497 2382 612 2443 suasuri
633 2396 747 2458 essent,
766 2382 937 2464 adpareret,
952 2382 1028 2463 ipse,
1043 2382 1189 2463 pecunia,
1204 2400 1294 2465 quam
1317 2380 1413 2462 regui,

365 2468 475 2528 melior
489 2478 604 2544 eustos,
619 2467 733 2529 institit
747 2467 785 2528 de
801 2468 929 2550 perfidia
950 2484 982 2529 et
1005 2466 1127 2529 feritate
1142 2466 1299 2529 Gallorum
1316 2466 1411 2528 disse-
1453 2507 1462 2521 ·

365 2572 442 2615 rere.
462 2579 466 2584 ·
485 2550 683 2615 ‘Multorum
702 2552 766 2635 jam
784 2564 858 2615 aute
873 2554 1009 2617 cladibus
1025 2566 1194 2638 expertum,
1210 2554 1413 2637 periculosum

350 2639 473 2717 ¹‘essm
498 2650 619 2700 tautam
647 2640 875 2702 multitudinem
907 2642 938 2702 in
961 2640 1177 2704 Macedoniam
1203 2641 1348 2722 accipere,
1371 2661 1413 2702 ne

346 2753 352 2762 ·
367 2725 548 2806 ‘graviores
563 2746 616 2786 eos
631 2727 731 2787 socios
743 2726 887 2805 babeant,
896 2747 989 2810 quam
1000 2729 1103 2790 hostes
1114 2727 1276 2790 Romanos.
1312 2726 1414 2797 Quin-

365 2813 452 2892 ‘que
467 2811 564 2873 millia
578 2812 715 2892 equitum
736 2824 786 2874 sat
807 2835 884 2891 esse,
899 2815 1007 2895 quibus
1030 2828 1063 2878 et
1083 2814 1128 2876 uti
1150 2813 1187 2875 ad
1209 2813 1321 2874 bellum
1338 2835 1412 2895 poa·

364 2898 375 2930 ‘
390 2908 471 2974 sent,
485 2909 517 2960 et
531 2918 659 2982 quorum
675 2899 903 2961 multitudinem
920 2901 978 2982 ipsi
993 2921 1056 2962 nou
1071 2897 1218 2964 timeant?

397 2979 540 3046 =XXVIL
563 2986 590 3029 ⁴⁷
599 2983 779 3066 Adparebat
797 2986 849 3047 iut
870 2986 1022 3064 omnibus,
1045 2987 1217 3050 mercedem
1238 2985 1410 3052 multitudi-

363 3070 412 3130 nis
435 3071 554 3147 timere,
568 3091 632 3132 ,uec
647 3071 812 3153 quidquam
836 3073 933 3134 aliud:
960 3073 1025 3150 sed,
1040 3093 1133 3155 quum
1157 3074 1282 3135 suadere
1300 3091 1411 3135 cousu-

363 3156 439 3219 leuti
464 3177 556 3218 nemo
585 3156 720 3236 auderet,
750 3158 918 3221 remittitur
946 3158 1132 3241 Antigonus,
1163 3161 1214 3244 qui
1243 3160 1412 3237 nunciaret,

797 3327 806 3356 ⁸
816 3325 840 3374 in
850 3324 897 3378 del.
906 3324 980 3376 Dosr.

392 3466 416 3500 ¹⁹
430 3467 559 3531 Hm]
589 3469 662 3518 iubet
683 3468 730 3530 legi
748 3469 871 3520 Turnebus
934 3471 957 3508 ⁴⁴
967 3469 1112 3536 Septuaginta
1126 3474 1224 3535 quinque
1241 3469 1321 3532 uillis]
1347 3470 1408 3520 lau-

358 3528 478 3588 mm.
492 3542 519 3580 et
534 3532 632 3594 intelligi
652 3549 704 3584 esur
724 3535 871 3598 urbemque
902 3547 1064 3584 munsture·
1075 3538 1117 3586 25.

359 3595 870 3660 sPtolemseorossturAliwpiiriulisi-
933 3593 1411 3664 ⁴⁵Wmsum.i..sddssiut]

360 3659 406 3708 bus
418 3661 573 3712 Mscedouioe·
597 3662 706 3718 ortelius
725 3678 772 3711 uno
791 3666 871 3728 probet
901 3665 979 3728 Magis
993 3667 1105 3731 phustas,
1119 3668 1180 3729 quod
1192 3667 1324 3716 Gronovius
1340 3661 1409 3727 subii·

353 3723 419 3776 sane
429 3726 711 3791 Turusbieoojsctursru,
719 3729 868 3793 restititque
898 3731 946 3779 sit:
963 3733 1086 3780 duim.

357 3792 868 3858 &anomianorum-uerutum-
932 3794 1021 3844 ⁴⁶Niu'
1040 3794 1318 3858 mansoni-est]
1347 3795 1411 3856 aege

357 3869 473 3908 neutum
494 3859 512 3906 l.
531 3873 566 3908 ιν.
582 3873 604 3905 e.
624 3860 649 3907 Θ.
691 3859 794 3922 Utrique
813 3859 868 3910 huic
899 3875 953 3909 rum
963 3863 1045 3910 eodem
1056 3860 1173 3910 Gmuorio
1181 3863 1311 3922 mpsrist.

351 3923 513 3971 samsom
534 3939 613 3987 pssum
634 3921 726 3986 ridetur
744 3926 869 3976 eonsesme
931 3927 954 3964 ⁴⁷
965 3926 1088 3988 Asprum
1103 3929 1129 3974 irs
1145 3925 1253 3988 muns]
1274 3924 1337 3973 Deis
1358 3925 1409 3974 sine

355 3997 412 4032 euos
421 3985 685 4038 imorumsituetAsio
694 3988 801 4039 flumine.
899 3991 947 4039 ulls
962 3989 1102 4040 dubitatione
1118 3990 1310 4056 prqrositiorreur.
1355 3990 1380 4036 A

388 4047 573 4115 ⁴³Dssmaln]
598 4053 867 4104 iloooosueuoooisu·
899 4056 992 4120 prebet
1018 4057 1175 4106 omuibus-iis
1195 4053 1234 4116 qui
1260 4053 1284 4100 iu
1369 4054 1409 4102 'io

354 4112 444 4190 uetito
464 4130 595 4180 supersum
614 4130 652 4168 sss
671 4119 724 4168 ιιι.
742 4120 868 4178 Grmosio,
898 4122 1125 4178 scrutaminum
1140 4135 1188 4170 asse
1209 4117 1274 4166 illum
1296 4116 1408 4166 rimarem

356 4190 397 4237 qus
424 4189 498 4227 mutat
528 4182 583 4230 illud
611 4184 635 4232 iu
656 4185 787 4244 AEsim5
813 4203 866 4250 quse
898 4201 967 4248 quem
992 4183 1109 4249 ismirsbst
1134 4185 1240 4234 Ριιιιιιιι
1255 4197 1312 4230 ΙΙιιει
1337 4183 1409 4246 quid-

353 4241 411 4294 αὖ·
426 4244 472 4290 etsi
487 4243 571 4295 Rdouis
586 4247 654 4309 uulgo
670 4251 811 4309 attitulare,
827 4252 864 4299 ui·
896 4265 965 4313 qsurs
975 4251 1036 4299 uliud
1055 4267 1110 4301 eum
1128 4268 1144 4301 s
1157 4248 1303 4300 multitudiue
1313 4247 1410 4306 timere,

351 4304 390 4355 nu
407 4317 487 4355 umen
505 4321 569 4360 seut
587 4327 640 4362 esur
657 4313 780 4376 siqnoao
799 4317 863 4365 usul·
895 4331 963 4378 qusur
981 4317 1165 4378 magnitudinum
1183 4315 1361 4381 mitique
1382 4313 1407 4361 is

352 4371 483 4490 ψιιίυῗ
494 4373 862 4454 θώωωωμὲἀωίι
894 4384 946 4442 slus
962 4381 1119 4432 multitudiuis
1134 4382 1274 4449 stipendium
1294 4379 1407 4442 smmis
