3184 5225
792 333 988 399 EPITOMAE

827 604 982 681 LXXV.

417 763 456 822 A.
472 762 644 823 Postumius
657 760 783 821 Albinus
796 760 924 840 leqatus,
937 780 1027 842 quum
1038 760 1126 821 classi
1140 770 1290 840 praesset,
1304 764 1429 841 insumis

379 842 500 899 crimine
552 842 699 913 editionis,
718 840 756 899 ub
772 843 903 899 exercitu
921 860 973 900 suo
985 840 1160 916 intersectas
1179 850 1232 900 est.
1265 841 1302 901 L.
1319 842 1427 901 Corne·

379 918 438 979 lires
459 919 515 978 Sul
526 940 545 979 a
559 920 675 997 leqatus
695 918 841 978 Sanmites
859 920 965 998 pralio
985 920 1071 990 uicit,
1085 929 1115 978 et
1127 918 1195 977 bino
1210 927 1310 978 castra
1328 940 1428 980 eorum

378 1000 567 1077 eapuqnaoit.
622 998 675 1057 (ln.
700 998 858 1076 Pompeius
891 998 1023 1057 Vestinos
1047 999 1079 1055 iu
1101 998 1276 1057 deditionem
1299 1002 1425 1077 accepit.

379 1076 414 1134 L.
439 1076 564 1137 Porcius
584 1076 695 1146 consul,
718 1077 803 1136 rebus
825 1094 966 1155 prospere
986 1078 1087 1153 gestis,
1105 1075 1243 1155 surisque
1266 1076 1425 1155 aliquoties

378 1154 503 1224 Marsis,
524 1157 593 1214 dum
614 1165 715 1215 castra
733 1174 832 1214 eorum
845 1164 1006 1233 srpuqnot,
1026 1154 1140 1214 cecidit.
1163 1173 1197 1214 eo
1223 1173 1270 1214 res
1291 1156 1423 1214 lactibus

377 1235 534 1295 uictoriam
557 1234 621 1311 ejus
666 1233 741 1291 roelii
763 1234 856 1292 dedit.
900 1232 1053 1292 Cosconius
1073 1240 1103 1290 et
1124 1232 1262 1291 Lucceius
1276 1232 1422 1293 Samnites

375 1314 439 1371 acie
452 1314 597 1383 uicerunt,
648 1314 746 1371 orium
759 1312 932 1388 Eqnatium,
952 1308 1162 1369 nobilissimum
1175 1311 1297 1369 bostium
1310 1312 1423 1383 ducem,

377 1392 557 1461 occiderunt,
572 1390 778 1469 compluraque
802 1408 900 1447 eorum
921 1390 1032 1467 opida
1055 1389 1087 1445 in
1109 1390 1286 1447 deditionem
1304 1408 1424 1468 accepe-

378 1477 458 1543 runt.
484 1468 519 1526 L.
535 1467 620 1526 Sulla
634 1466 778 1547 Hirpinos
792 1469 915 1538 domuit,
999 1468 1075 1525 nites
1088 1467 1191 1526 multis
1200 1469 1316 1545 proeliis
1322 1468 1426 1544 fudit,

376 1548 493 1625 aliquot
502 1547 628 1625 populos
641 1548 772 1625 recepit:
793 1548 972 1625 quantisque
993 1564 1063 1603 roro
1084 1546 1239 1625 quisquam
1260 1546 1340 1605 alius
1355 1556 1427 1605 ante

378 1624 560 1685 consulatum
574 1624 659 1685 rebus
671 1626 774 1703 pestis,
788 1625 831 1684 ad
848 1625 1022 1702 petitionem
1043 1624 1212 1686 consulatus
1236 1624 1358 1685 Romam
1380 1634 1427 1686 est

372 1702 537 1782 projictus.

811 1999 987 2077 LXXVL

415 2172 454 2230 A.
473 2168 617 2231 Gabinius
632 2168 757 2247 loqutus,
768 2169 856 2229 rebus
868 2170 1010 2229 adversus
1024 2168 1158 2246 Lucanos
1166 2189 1305 2252 prospere
1316 2173 1421 2249 qestis,

375 2255 405 2309 et
412 2251 553 2329 plurimis
601 2249 684 2328 pidis
698 2248 884 2327 enpuqnatis,
895 2248 927 2305 in
937 2246 1084 2307 obsidione
1095 2259 1257 2310 castrorum
1271 2250 1425 2309 hostilium

375 2330 492 2388 cecidit.
533 2269 683 2406 Sooioictns
707 2326 823 2404 leqotus
847 2325 1036 2385 Marrucinos
1056 2329 1173 2401 cecidit,
1199 2338 1262 2389 tota
1310 2349 1346 2387 ue
1359 2349 1428 2387 eam

374 2410 520 2484 reqionem
533 2408 654 2485 recepit.
680 2407 731 2463 Cn.
748 2405 906 2483 Pompeius
916 2406 1075 2482 proconsul
1093 2406 1224 2467 Vestinos
1236 2417 1268 2466 et
1310 2408 1426 2484 eliquat

374 2488 406 2543 iu
420 2488 596 2547 deditionem
609 2485 733 2563 accepit.
774 2482 874 2541 Marsi
886 2502 1009 2639 quym'
1023 2486 1091 2543 aL.
1107 2486 1245 2556 Murena,
1259 2494 1289 2544 et
1308 2485 1319 2518 ⁸
1332 2488 1424 2545 Caci-

377 2563 418 2622 lio
432 2564 533 2624 Pinna
548 2564 654 2642 leqotis
668 2562 783 2641 aliquot
793 2559 909 2640 proeliss
949 2564 1038 2634 ructi,
1049 2583 1153 2644 pacem
1161 2567 1323 2644 petiirunt.
1363 2568 1425 2626 As·

375 2643 473 2701 culum
495 2663 515 2700 a
540 2644 592 2701 Cn.
617 2641 691 2700 Pom
712 2642 756 2700 eio
777 2647 897 2717 captum
919 2649 974 2712 est,
998 2644 1079 2703 coesis
1099 2652 1129 2701 et
1151 2664 1171 2701 a
1191 2644 1283 2704 Mam.
1298 2645 1425 2704 AEmilio

377 2720 476 2798 leqato
499 2721 628 2780 Italicis.
687 2661 749 2778 Silo
776 2718 974 2796 Pompaedius,
1002 2722 1063 2778 dun·
1089 2721 1269 2795 Marsorum,
1295 2720 1426 2782 ‘auctor

376 2798 464 2875 liujus
477 2801 532 2869 rei,
553 2802 584 2856 in
593 2798 700 2878 proelio
713 2798 831 2856 cecidit.
872 2796 1090 2858 Ariobarzanes
1115 2800 1319 2880 Cappadocia,
1333 2800 1427 2860 Nico-

373 2877 469 2934 medes
489 2877 643 2954 Bithynice
664 2895 753 2953 repno
775 2895 795 2932 a
822 2872 1005 2934 Mithridate
1028 2877 1123 2935 Ponti
1143 2897 1212 2955 reqe
1234 2881 1319 2959 pulsi
1342 2889 1423 2939 sunt.

374 2952 527 3013 Protereo
539 2957 719 3017 incursiones
737 2953 882 3013 Timacum
895 2953 928 3011 in
942 2952 1147 3016 Macedoniam
1157 2959 1424 3041 populationesque

374 3033 513 3094 continet.

800 3332 996 3411 LXXVH.

416 3487 511 3556 Quum
525 3485 564 3546 P.
580 3487 728 3566 Sulpicius
742 3489 879 3550 tribunus
898 3491 1005 3571 plebia,
1025 3504 1146 3554 auctore
1169 3497 1202 3555 C.
1218 3496 1331 3571 Mario,
1349 3517 1423 3580 per·

372 3568 499 3626 niciosus
513 3567 590 3644 lcqes
600 3566 827 3645 promulqosset,
841 3581 873 3627 ut
885 3572 996 3630 exsules
1009 3587 1212 3648 revocarentur,
1226 3589 1255 3634 et
1267 3580 1331 3636 nori
1345 3582 1421 3638 cives

371 3645 547 3722 libertinique
570 3645 800 3704 distribuerentur
821 3650 851 3706 in
872 3650 970 3720 tribus,
993 3662 1021 3708 et
1044 3663 1075 3709 ut
1092 3652 1200 3712 Marius
1214 3657 1346 3715 adeamus
1359 3657 1421 3715 Mi-

371 3725 521 3782 thridatem
536 3723 619 3782 Ponti
633 3745 725 3799 regom
738 3726 799 3782 dux
808 3738 960 3796 crearetur,
970 3738 1000 3786 et
1013 3732 1240 3792 aduersantibus
1253 3735 1421 3796 consulibus

376 3803 411 3870 Q.
428 3802 568 3881 Pompeio
581 3811 611 3860 et
625 3802 659 3860 L.
672 3803 762 3860 Sulla
776 3805 834 3861 uim
848 3807 1008 3878 intulisset,
1022 3811 1137 3869 ’occiso
1151 3812 1186 3879 Q.
1198 3812 1338 3890 Pompeio
1351 3833 1421 3872 cou-

372 3881 533 3956 sulisfilio‚
546 3899 651 3957 qenero
666 3881 773 3944 Sulla,-
798 3881 832 3938 L.
848 3882 934 3942 Sulla
958 3886 1059 3943 consul
1082 3907 1146 3945 cum
1169 3892 1301 3948 enmcitu
1322 3893 1354 3948 in
1368 3912 1421 3949 ur-

374 3955 434 4014 bem
448 3960 539 4030 uenit,
554 3967 583 4016 ct
596 3959 737 4018 adversus
748 3959 915 4034 sectionem
928 3960 1057 4042 Sulpicii
1069 3974 1099 4024 et
1113 3967 1209 4026 Marii
1221 3969 1253 4025 in
1266 3970 1334 4048 ipsa
1348 3969 1423 4031 urbe

406 4158 417 4193 ⁵
437 4159 521 4209 Catilio
539 4161 591 4226 Pio]
614 4166 652 4215 Sic
669 4164 739 4214 edidit
756 4165 875 4227 Sigonius:
941 4169 953 4206 7
970 4169 1044 4218 Occiso
1064 4168 1092 4224 Q.
1115 4169 1228 4236 Pompeio]
1250 4171 1290 4223 Sic
1308 4173 1420 4224 debitat

373 4237 444 4287 quens
466 4223 588 4276 lectionem
606 4231 681 4280 firrnm
698 4231 827 4280 &ennius
848 4249 876 4282 ex
909 4237 1041 4296 conjecturs
1052 4236 1167 4297 Sigonius,
1182 4253 1253 4300 quum
1271 4239 1335 4303 prins
1354 4239 1420 4301 lege·

371 4288 473 4348 Velleio,
483 4289 499 4337 1.
511 4304 539 4340 ss.
551 4308 573 4342 o.
586 4295 624 4343 15.
656 4296 717 4345 Libri
728 4297 815 4348 hubent
826 4297 875 4349 Ge·
891 4311 974 4348 ‘retur
999 4302 1104 4360 neumas
1131 4299 1240 4364 Pompeio.
1284 4304 1424 4355 Assentitur

370 4355 421 4406 cilio
431 4353 515 4404 Pimsa.
531 4354 584 4406 un
594 4357 661 4424 inira,
672 4377 692 4410 c.
702 4365 725 4412 2.
907 4365 1000 4427 Sigon'n
1010 4365 1115 4417 Pithoeus
1122 4367 1181 4431 spus
1194 4365 1336 4422 strunium.

404 4417 515 4472 trucior
524 4420 639 4492 bujusrffl
660 4426 787 4493 inebrias
796 4429 852 4482 belli.
1343 4433 1347 4441 ’
