<?xml version="1.0" encoding="UTF-8"?>
<!DOCTYPE html PUBLIC "-//W3C//DTD XHTML 1.0 Transitional//EN"
    "http://www.w3.org/TR/xhtml1/DTD/xhtml1-transitional.dtd">
<html xmlns="http://www.w3.org/1999/xhtml" xml:lang="en" lang="en">
 <head>
  <title>
</title>
<meta http-equiv="Content-Type" content="text/html;charset=utf-8" />
  <meta name='ocr-system' content='tesseract 3.04.00' />
  <meta name='ocr-capabilities' content='ocr_page ocr_carea ocr_par ocr_line ocrx_word'/>
</head>
<body>
  <div class='ocr_page' id='page_1' title='image "./tliviipatavinih02grongoog_0089.png"; bbox 0 0 3184 5225; ppageno 0'>
   <div class='ocr_carea' id='block_1_1' title="bbox 482 368 1197 437">
    <p class='ocr_par' dir='ltr' id='par_1_1' title="bbox 482 368 1197 437">
     <span class='ocr_line' id='line_1_1' title="bbox 482 368 1197 437; baseline 0.004 -4"><span class='ocrx_word' id='word_1_1' title='bbox 482 368 671 436; x_wconf 71' lang='lat' dir='ltr'><strong>uffiml.</strong></span> <span class='ocrx_word' id='word_1_2' title='bbox 689 370 878 435; x_wconf 59' lang='lat' dir='ltr'><strong>culttlvn</strong></span> <span class='ocrx_word' id='word_1_3' title='bbox 1160 384 1197 437; x_wconf 82' lang='lat' dir='ltr'><strong>ar</strong></span> 
     </span>
    </p>
   </div>
   <div class='ocr_carea' id='block_1_2' title="bbox 80 515 1350 3274">
    <p class='ocr_par' dir='ltr' id='par_1_2' title="bbox 151 515 1350 755">
     <span class='ocr_line' id='line_1_2' title="bbox 155 515 1349 603; baseline -0.002 -22"><span class='ocrx_word' id='word_1_4' title='bbox 155 515 215 581; x_wconf 89' lang='lat' dir='ltr'><strong>acri</strong></span> <span class='ocrx_word' id='word_1_5' title='bbox 230 533 380 583; x_wconf 73' lang='lat' dir='ltr'><strong>concursu</strong></span> <span class='ocrx_word' id='word_1_6' title='bbox 394 516 434 581; x_wconf 89' lang='lat' dir='ltr'><strong>ad</strong></span> <span class='ocrx_word' id='word_1_7' title='bbox 445 532 548 603; x_wconf 86' lang='lat' dir='ltr'><strong>portas</strong></span> <span class='ocrx_word' id='word_1_8' title='bbox 563 533 748 585; x_wconf 84' lang='lat' dir='ltr'><strong>armatomm</strong></span> <span class='ocrx_word' id='word_1_9' title='bbox 766 533 815 584; x_wconf 90' lang='lat' dir='ltr'><strong>est</strong></span> <span class='ocrx_word' id='word_1_10' title='bbox 829 519 984 603; x_wconf 79' lang='lat' dir='ltr'><strong>repulsusr</strong></span> <span class='ocrx_word' id='word_1_11' title='bbox 1006 532 1130 603; x_wconf 88' lang='lat' dir='ltr'><strong>postero</strong></span> <span class='ocrx_word' id='word_1_12' title='bbox 1144 515 1198 583; x_wconf 85' lang='lat' dir='ltr'><strong>die</strong></span> <span class='ocrx_word' id='word_1_13' title='bbox 1209 526 1243 579; x_wconf 83' lang='lat' dir='ltr'><strong>u.</strong></span> <span class='ocrx_word' id='word_1_14' title='bbox 1254 528 1349 579; x_wconf 72' lang='lat' dir='ltr'><strong>etet.</strong></span> 
     </span>
     <span class='ocr_line' id='line_1_3' title="bbox 153 594 1350 690; baseline 0.003 -21"><span class='ocrx_word' id='word_1_15' title='bbox 153 606 292 669; x_wconf 88' lang='lat' dir='ltr'><strong>omnibus</strong></span> <span class='ocrx_word' id='word_1_16' title='bbox 306 606 403 690; x_wconf 91' lang='lat' dir='ltr'><strong>copiis</strong></span> <span class='ocrx_word' id='word_1_17' title='bbox 417 606 551 690; x_wconf 87' lang='lat' dir='ltr'><strong>adortus,</strong></span> <span class='ocrx_word' id='word_1_18' title='bbox 563 610 589 649; x_wconf 78' lang='lat'><strong>⁸⁸</strong></span> <span class='ocrx_word' id='word_1_19' title='bbox 602 609 633 671; x_wconf 88' lang='lat' dir='ltr'><strong>in</strong></span> <span class='ocrx_word' id='word_1_20' title='bbox 649 609 837 673; x_wconf 86' lang='lat' dir='ltr'><strong>deditionem</strong></span> <span class='ocrx_word' id='word_1_21' title='bbox 857 626 964 670; x_wconf 86' lang='lat' dir='ltr'><strong>omncs</strong></span> <span class='ocrx_word' id='word_1_22' title='bbox 984 618 1055 671; x_wconf 87' lang='lat' dir='ltr'><strong>ante</strong></span> <span class='ocrx_word' id='word_1_23' title='bbox 1069 619 1194 673; x_wconf 87' lang='lat' dir='ltr'><strong>noctem</strong></span> <span class='ocrx_word' id='word_1_24' title='bbox 1207 595 1241 647; x_wconf 59' lang='grc' dir='ltr'><strong>Α·</strong></span> <span class='ocrx_word' id='word_1_25' title='bbox 1252 594 1282 645; x_wconf 78' lang='lat'><strong>⁰·</strong></span> <span class='ocrx_word' id='word_1_26' title='bbox 1294 595 1350 649; x_wconf 77' lang='lat'><strong>¹7¹·</strong></span> 
     </span>
     <span class='ocr_line' id='line_1_4' title="bbox 151 693 281 755; baseline 0 0"><span class='ocrx_word' id='word_1_27' title='bbox 151 710 224 755; x_wconf 88' lang='lat' dir='ltr'><strong>acce</strong></span> <span class='ocrx_word' id='word_1_28' title='bbox 246 693 281 755; x_wconf 89' lang='lat' dir='ltr'><strong>it.</strong></span> 
     </span>
    </p>

    <p class='ocr_par' dir='ltr' id='par_1_3' title="bbox 149 776 1210 3018">
     <span class='ocr_line' id='line_1_5' title="bbox 237 776 1195 867; baseline 0.008 -27"><span class='ocrx_word' id='word_1_29' title='bbox 237 777 276 843; x_wconf 91' lang='lat' dir='ltr'><strong>V.</strong></span> <span class='ocrx_word' id='word_1_30' title='bbox 296 776 400 864; x_wconf 80' lang='lat' dir='ltr'><strong>Mylas,</strong></span> <span class='ocrx_word' id='word_1_31' title='bbox 420 782 593 865; x_wconf 78' lang='lat' dir='ltr'><strong>proximum</strong></span> <span class='ocrx_word' id='word_1_32' title='bbox 617 784 773 867; x_wconf 89' lang='lat' dir='ltr'><strong>oppidum,</strong></span> <span class='ocrx_word' id='word_1_33' title='bbox 800 784 846 845; x_wconf 87' lang='lat' dir='ltr'><strong>ita</strong></span> <span class='ocrx_word' id='word_1_34' title='bbox 868 780 1032 860; x_wconf 89' lang='lat' dir='ltr'><strong>munitum,</strong></span> <span class='ocrx_word' id='word_1_35' title='bbox 1054 793 1089 845; x_wconf 92' lang='lat' dir='ltr'><strong>ut</strong></span> <span class='ocrx_word' id='word_1_36' title='bbox 1109 783 1195 848; x_wconf 82' lang='lat' dir='ltr'><strong>inex·</strong></span> 
     </span>
     <span class='ocr_line' id='line_1_6' title="bbox 152 865 1197 954; baseline 0.006 -27"><span class='ocrx_word' id='word_1_37' title='bbox 152 865 329 948; x_wconf 84' lang='lat' dir='ltr'><strong>superabilis</strong></span> <span class='ocrx_word' id='word_1_38' title='bbox 355 868 536 933; x_wconf 79' lang='lat' dir='ltr'><strong>munimenti</strong></span> <span class='ocrx_word' id='word_1_39' title='bbox 560 890 629 954; x_wconf 87' lang='lat' dir='ltr'><strong>spes</strong></span> <span class='ocrx_word' id='word_1_40' title='bbox 648 870 763 932; x_wconf 87' lang='lat' dir='ltr'><strong>incolas</strong></span> <span class='ocrx_word' id='word_1_41' title='bbox 790 869 954 932; x_wconf 86' lang='lat' dir='ltr'><strong>ferociores</strong></span> <span class='ocrx_word' id='word_1_42' title='bbox 979 869 1104 949; x_wconf 85' lang='lat' dir='ltr'><strong>faceret,</strong></span> <span class='ocrx_word' id='word_1_43' title='bbox 1133 890 1197 935; x_wconf 87' lang='lat' dir='ltr'><strong>non</strong></span> 
     </span>
     <span class='ocr_line' id='line_1_7' title="bbox 151 952 1198 1039; baseline 0.005 -25"><span class='ocrx_word' id='word_1_44' title='bbox 151 963 255 1033; x_wconf 85' lang='lat' dir='ltr'><strong>portas</strong></span> <span class='ocrx_word' id='word_1_45' title='bbox 269 952 411 1017; x_wconf 78' lang='lat' dir='ltr'><strong>claudere</strong></span> <span class='ocrx_word' id='word_1_46' title='bbox 427 957 490 1037; x_wconf 86' lang='lat' dir='ltr'><strong>regi</strong></span> <span class='ocrx_word' id='word_1_47' title='bbox 510 956 584 1017; x_wconf 90' lang='lat' dir='ltr'><strong>satis</strong></span> <span class='ocrx_word' id='word_1_48' title='bbox 611 956 792 1035; x_wconf 83' lang='lat' dir='ltr'><strong>babuerunt,</strong></span> <span class='ocrx_word' id='word_1_49' title='bbox 815 956 869 1017; x_wconf 88' lang='lat' dir='ltr'><strong>sed</strong></span> <span class='ocrx_word' id='word_1_50' title='bbox 895 958 921 994; x_wconf 82' lang='lat'><strong>⁸⁴</strong></span> <span class='ocrx_word' id='word_1_51' title='bbox 933 956 1051 1038; x_wconf 88' lang='lat' dir='ltr'><strong>probris</strong></span> <span class='ocrx_word' id='word_1_52' title='bbox 1078 970 1198 1039; x_wconf 87' lang='lat' dir='ltr'><strong>quoque</strong></span> 
     </span>
     <span class='ocr_line' id='line_1_8' title="bbox 153 1036 1199 1126; baseline 0.008 -28"><span class='ocrx_word' id='word_1_53' title='bbox 153 1036 308 1121; x_wconf 72' lang='lat' dir='ltr'><strong>idipsum</strong></span> <span class='ocrx_word' id='word_1_54' title='bbox 334 1037 584 1123; x_wconf 78' lang='lat' dir='ltr'><strong>Macedonasque</strong></span> <span class='ocrx_word' id='word_1_55' title='bbox 610 1043 788 1126; x_wconf 80' lang='lat' dir='ltr'><strong>procacibus</strong></span> <span class='ocrx_word' id='word_1_56' title='bbox 811 1040 939 1123; x_wconf 87' lang='lat' dir='ltr'><strong>jaculati</strong></span> <span class='ocrx_word' id='word_1_57' title='bbox 963 1054 1045 1105; x_wconf 88' lang='lat' dir='ltr'><strong>sunt.</strong></span> <span class='ocrx_word' id='word_1_58' title='bbox 1060 1063 1127 1125; x_wconf 82' lang='lat' dir='ltr'><strong>quae</strong></span> <span class='ocrx_word' id='word_1_59' title='bbox 1139 1064 1199 1123; x_wconf 83' lang='lat' dir='ltr'><strong>ros,</strong></span> 
     </span>
     <span class='ocr_line' id='line_1_9' title="bbox 153 1124 1200 1211; baseline 0.006 -25"><span class='ocrx_word' id='word_1_60' title='bbox 153 1142 244 1205; x_wconf 86' lang='lat' dir='ltr'><strong>quum</strong></span> <span class='ocrx_word' id='word_1_61' title='bbox 268 1124 455 1191; x_wconf 75' lang='lat' dir='ltr'><strong>infestiorem</strong></span> <span class='ocrx_word' id='word_1_62' title='bbox 481 1129 602 1191; x_wconf 86' lang='lat' dir='ltr'><strong>hostem</strong></span> <span class='ocrx_word' id='word_1_63' title='bbox 625 1129 665 1191; x_wconf 88' lang='lat' dir='ltr'><strong>ad</strong></span> <span class='ocrx_word' id='word_1_64' title='bbox 691 1129 932 1211; x_wconf 88' lang='lat' dir='ltr'><strong>obpugnandum</strong></span> <span class='ocrx_word' id='word_1_65' title='bbox 957 1128 1090 1207; x_wconf 88' lang='lat' dir='ltr'><strong>fecisset,</strong></span> <span class='ocrx_word' id='word_1_66' title='bbox 1116 1130 1200 1211; x_wconf 88' lang='lat' dir='ltr'><strong>ipsos</strong></span> 
     </span>
     <span class='ocr_line' id='line_1_10' title="bbox 152 1206 1202 1297; baseline 0.006 -24"><span class='ocrx_word' id='word_1_67' title='bbox 152 1206 364 1292; x_wconf 76' lang='lat' dir='ltr'><strong>desperatione</strong></span> <span class='ocrx_word' id='word_1_68' title='bbox 387 1214 482 1275; x_wconf 82' lang='lat' dir='ltr'><strong>venire</strong></span> <span class='ocrx_word' id='word_1_69' title='bbox 501 1215 542 1277; x_wconf 87' lang='lat' dir='ltr'><strong>ad</strong></span> <span class='ocrx_word' id='word_1_70' title='bbox 557 1215 686 1277; x_wconf 84' lang='lat' dir='ltr'><strong>tuendos</strong></span> <span class='ocrx_word' id='word_1_71' title='bbox 701 1236 768 1277; x_wconf 87' lang='lat' dir='ltr'><strong>sese</strong></span> <span class='ocrx_word' id='word_1_72' title='bbox 782 1216 882 1277; x_wconf 86' lang='lat' dir='ltr'><strong>acrius</strong></span> <span class='ocrx_word' id='word_1_73' title='bbox 897 1214 1048 1277; x_wconf 88' lang='lat' dir='ltr'><strong>accendit.</strong></span> <span class='ocrx_word' id='word_1_74' title='bbox 1093 1212 1202 1297; x_wconf 84' lang='lat' dir='ltr'><strong>Itaque</strong></span> 
     </span>
     <span class='ocr_line' id='line_1_11' title="bbox 150 1296 1201 1449; baseline 0.003 -4"><span class='ocrx_word' id='word_1_75' title='bbox 150 1296 354 1445; x_wconf 59' lang='lat' dir='ltr'><strong>tritt</strong></span> <span class='ocrx_word' id='word_1_76' title='bbox 369 1299 838 1447; x_wconf 41' lang='lat' dir='ltr'><strong>induitintuit</strong></span> <span class='ocrx_word' id='word_1_77' title='bbox 852 1302 1201 1449; x_wconf 61' lang='lat' dir='ltr'><strong>§ttbtffltttt</strong></span> 
     </span>
     <span class='ocr_line' id='line_1_12' title="bbox 149 1427 1201 1552; baseline 0.001 -19"><span class='ocrx_word' id='word_1_78' title='bbox 149 1467 291 1549; x_wconf 75' lang='lat' dir='ltr'><strong>pretium</strong></span> <span class='ocrx_word' id='word_1_79' title='bbox 325 1427 409 1531; x_wconf 83' lang='lat' dir='ltr'><strong>fiaud</strong></span> <span class='ocrx_word' id='word_1_80' title='bbox 446 1468 605 1531; x_wconf 86' lang='lat' dir='ltr'><strong>difficulter</strong></span> <span class='ocrx_word' id='word_1_81' title='bbox 638 1452 844 1531; x_wconf 80' lang='lat' dir='ltr'><strong>succedebat:</strong></span> <span class='ocrx_word' id='word_1_82' title='bbox 887 1470 1068 1552; x_wconf 79' lang='lat' dir='ltr'><strong>oppidanos,</strong></span> <span class='ocrx_word' id='word_1_83' title='bbox 1106 1472 1201 1551; x_wconf 69' lang='lat' dir='ltr'><strong>dem,</strong></span> 
     </span>
     <span class='ocr_line' id='line_1_13' title="bbox 151 1555 1201 1636; baseline 0.006 -21"><span class='ocrx_word' id='word_1_84' title='bbox 151 1564 276 1617; x_wconf 81' lang='lat' dir='ltr'><strong>noctem</strong></span> <span class='ocrx_word' id='word_1_85' title='bbox 303 1555 428 1617; x_wconf 88' lang='lat' dir='ltr'><strong>eosdem</strong></span> <span class='ocrx_word' id='word_1_86' title='bbox 459 1564 580 1617; x_wconf 81' lang='lat' dir='ltr'><strong>tuentes</strong></span> <span class='ocrx_word' id='word_1_87' title='bbox 602 1555 726 1634; x_wconf 87' lang='lat' dir='ltr'><strong>moenia,</strong></span> <span class='ocrx_word' id='word_1_88' title='bbox 760 1576 822 1617; x_wconf 90' lang='lat' dir='ltr'><strong>non</strong></span> <span class='ocrx_word' id='word_1_89' title='bbox 855 1556 979 1618; x_wconf 85' lang='lat' dir='ltr'><strong>vulnera</strong></span> <span class='ocrx_word' id='word_1_90' title='bbox 1007 1558 1112 1636; x_wconf 92' lang='lat' dir='ltr'><strong>modo,</strong></span> <span class='ocrx_word' id='word_1_91' title='bbox 1145 1559 1201 1621; x_wconf 88' lang='lat' dir='ltr'><strong>sed</strong></span> 
     </span>
     <span class='ocr_line' id='line_1_14' title="bbox 152 1640 1200 1727; baseline 0.004 -24"><span class='ocrx_word' id='word_1_92' title='bbox 152 1640 246 1703; x_wconf 82' lang='lat' dir='ltr'><strong>etiarn</strong></span> <span class='ocrx_word' id='word_1_93' title='bbox 260 1640 371 1722; x_wconf 68' lang='lat' dir='ltr'><strong>vigilis</strong></span> <span class='ocrx_word' id='word_1_94' title='bbox 385 1652 419 1704; x_wconf 89' lang='lat' dir='ltr'><strong>et</strong></span> <span class='ocrx_word' id='word_1_95' title='bbox 433 1641 594 1703; x_wconf 88' lang='lat' dir='ltr'><strong>continens</strong></span> <span class='ocrx_word' id='word_1_96' title='bbox 609 1641 694 1703; x_wconf 85' lang='lat' dir='ltr'><strong>fabor</strong></span> <span class='ocrx_word' id='word_1_97' title='bbox 709 1641 901 1705; x_wconf 83' lang='lat' dir='ltr'><strong>conficiebat.</strong></span> <span class='ocrx_word' id='word_1_98' title='bbox 916 1652 1026 1723; x_wconf 89' lang='lat' dir='ltr'><strong>quarto</strong></span> <span class='ocrx_word' id='word_1_99' title='bbox 1041 1644 1091 1705; x_wconf 93' lang='lat' dir='ltr'><strong>die</strong></span> <span class='ocrx_word' id='word_1_100' title='bbox 1104 1665 1200 1727; x_wconf 89' lang='lat' dir='ltr'><strong>quum</strong></span> 
     </span>
     <span class='ocr_line' id='line_1_15' title="bbox 152 1726 1201 1813; baseline 0.003 -24"><span class='ocrx_word' id='word_1_101' title='bbox 152 1738 187 1789; x_wconf 86' lang='lat' dir='ltr'><strong>ct</strong></span> <span class='ocrx_word' id='word_1_102' title='bbox 201 1726 436 1809; x_wconf 69' lang='lat' dir='ltr'><strong>mdaeundique</strong></span> <span class='ocrx_word' id='word_1_103' title='bbox 449 1728 490 1789; x_wconf 87' lang='lat' dir='ltr'><strong>ad</strong></span> <span class='ocrx_word' id='word_1_104' title='bbox 514 1747 617 1790; x_wconf 88' lang='lat' dir='ltr'><strong>muros</strong></span> <span class='ocrx_word' id='word_1_105' title='bbox 641 1728 837 1809; x_wconf 84' lang='lat' dir='ltr'><strong>erigerentur,</strong></span> <span class='ocrx_word' id='word_1_106' title='bbox 860 1739 892 1790; x_wconf 89' lang='lat' dir='ltr'><strong>et</strong></span> <span class='ocrx_word' id='word_1_107' title='bbox 916 1740 1006 1810; x_wconf 88' lang='lat' dir='ltr'><strong>porta</strong></span> <span class='ocrx_word' id='word_1_108' title='bbox 1029 1730 1058 1791; x_wconf 83' lang='lat' dir='ltr'><strong>ri</strong></span> <span class='ocrx_word' id='word_1_109' title='bbox 1081 1730 1201 1813; x_wconf 88' lang='lat' dir='ltr'><strong>majore</strong></span> 
     </span>
     <span class='ocr_line' id='line_1_16' title="bbox 154 1813 1199 1897; baseline 0.004 -22"><span class='ocrx_word' id='word_1_110' title='bbox 154 1813 400 1896; x_wconf 79' lang='lat' dir='ltr'><strong>obpugnaretur3</strong></span> <span class='ocrx_word' id='word_1_111' title='bbox 423 1814 568 1897; x_wconf 79' lang='lat' dir='ltr'><strong>oppidani</strong></span> <span class='ocrx_word' id='word_1_112' title='bbox 586 1814 703 1896; x_wconf 84' lang='lat' dir='ltr'><strong>depulsi</strong></span> <span class='ocrx_word' id='word_1_113' title='bbox 724 1815 818 1877; x_wconf 90' lang='lat' dir='ltr'><strong>muris</strong></span> <span class='ocrx_word' id='word_1_114' title='bbox 841 1814 881 1876; x_wconf 84' lang='lat' dir='ltr'><strong>ad</strong></span> <span class='ocrx_word' id='word_1_115' title='bbox 907 1826 1027 1897; x_wconf 84' lang='lat' dir='ltr'><strong>portam</strong></span> <span class='ocrx_word' id='word_1_116' title='bbox 1053 1817 1199 1880; x_wconf 89' lang='lat' dir='ltr'><strong>tuendam</strong></span> 
     </span>
     <span class='ocr_line' id='line_1_17' title="bbox 154 1900 1200 1985; baseline 0.003 -23"><span class='ocrx_word' id='word_1_117' title='bbox 154 1912 348 1981; x_wconf 84' lang='lat' dir='ltr'><strong>conournmt,</strong></span> <span class='ocrx_word' id='word_1_118' title='bbox 383 1900 631 1985; x_wconf 85' lang='lat' dir='ltr'><strong>eruptionemque</strong></span> <span class='ocrx_word' id='word_1_119' title='bbox 664 1901 855 1983; x_wconf 85' lang='lat' dir='ltr'><strong>repentinam</strong></span> <span class='ocrx_word' id='word_1_120' title='bbox 882 1900 914 1962; x_wconf 91' lang='lat' dir='ltr'><strong>in</strong></span> <span class='ocrx_word' id='word_1_121' title='bbox 944 1902 1047 1963; x_wconf 87' lang='lat' dir='ltr'><strong>hostes</strong></span> <span class='ocrx_word' id='word_1_122' title='bbox 1074 1903 1200 1965; x_wconf 87' lang='lat' dir='ltr'><strong>faciunt.</strong></span> 
     </span>
     <span class='ocr_line' id='line_1_18' title="bbox 155 1985 1201 2069; baseline 0.003 -20"><span class='ocrx_word' id='word_1_123' title='bbox 155 2004 222 2067; x_wconf 72' lang='lat' dir='ltr'><strong>qua</strong></span> <span class='ocrx_word' id='word_1_124' title='bbox 246 2005 339 2069; x_wconf 84' lang='lat' dir='ltr'><strong>quum</strong></span> <span class='ocrx_word' id='word_1_125' title='bbox 364 1986 416 2049; x_wconf 78' lang='lat' dir='ltr'><strong>ira</strong></span> <span class='ocrx_word' id='word_1_126' title='bbox 435 1986 532 2069; x_wconf 85' lang='lat' dir='ltr'><strong>magis</strong></span> <span class='ocrx_word' id='word_1_127' title='bbox 547 1985 734 2066; x_wconf 68' lang='lat' dir='ltr'><strong>inconsulta,</strong></span> <span class='ocrx_word' id='word_1_128' title='bbox 756 2006 849 2069; x_wconf 87' lang='lat' dir='ltr'><strong>quam</strong></span> <span class='ocrx_word' id='word_1_129' title='bbox 863 2006 941 2049; x_wconf 85' lang='lat' dir='ltr'><strong>verae</strong></span> <span class='ocrx_word' id='word_1_130' title='bbox 953 1987 1072 2051; x_wconf 80' lang='lat' dir='ltr'><strong>fiduciae</strong></span> <span class='ocrx_word' id='word_1_131' title='bbox 1092 1991 1201 2052; x_wconf 88' lang='lat' dir='ltr'><strong>virium</strong></span> 
     </span>
     <span class='ocr_line' id='line_1_19' title="bbox 156 2072 1201 2157; baseline 0.002 -22"><span class='ocrx_word' id='word_1_132' title='bbox 156 2084 247 2152; x_wconf 84' lang='lat' dir='ltr'><strong>esset,</strong></span> <span class='ocrx_word' id='word_1_133' title='bbox 261 2074 351 2156; x_wconf 89' lang='lat' dir='ltr'><strong>pauci</strong></span> <span class='ocrx_word' id='word_1_134' title='bbox 366 2084 399 2135; x_wconf 87' lang='lat' dir='ltr'><strong>et</strong></span> <span class='ocrx_word' id='word_1_135' title='bbox 413 2072 483 2153; x_wconf 85' lang='lat' dir='ltr'><strong>fessi</strong></span> <span class='ocrx_word' id='word_1_136' title='bbox 499 2074 538 2135; x_wconf 90' lang='lat' dir='ltr'><strong>ab</strong></span> <span class='ocrx_word' id='word_1_137' title='bbox 548 2074 674 2155; x_wconf 74' lang='lat' dir='ltr'><strong>integris</strong></span> <span class='ocrx_word' id='word_1_138' title='bbox 689 2074 767 2157; x_wconf 86' lang='lat' dir='ltr'><strong>pulsi</strong></span> <span class='ocrx_word' id='word_1_139' title='bbox 783 2086 872 2156; x_wconf 85' lang='lat' dir='ltr'><strong>terga</strong></span> <span class='ocrx_word' id='word_1_140' title='bbox 885 2073 1057 2154; x_wconf 85' lang='lat' dir='ltr'><strong>dederunt;</strong></span> <span class='ocrx_word' id='word_1_141' title='bbox 1079 2075 1201 2157; x_wconf 83' lang='lat' dir='ltr'><strong>fugien-</strong></span> 
     </span>
     <span class='ocr_line' id='line_1_20' title="bbox 156 2160 1203 2244; baseline 0.003 -24"><span class='ocrx_word' id='word_1_142' title='bbox 156 2170 261 2239; x_wconf 82' lang='lat' dir='ltr'><strong>tesqua</strong></span> <span class='ocrx_word' id='word_1_143' title='bbox 277 2178 331 2242; x_wconf 90' lang='lat' dir='ltr'><strong>per</strong></span> <span class='ocrx_word' id='word_1_144' title='bbox 353 2170 511 2243; x_wconf 86' lang='lat' dir='ltr'><strong>patentem</strong></span> <span class='ocrx_word' id='word_1_145' title='bbox 534 2170 656 2242; x_wconf 88' lang='lat' dir='ltr'><strong>portam</strong></span> <span class='ocrx_word' id='word_1_146' title='bbox 678 2162 781 2223; x_wconf 84' lang='lat' dir='ltr'><strong>hostes</strong></span> <span class='ocrx_word' id='word_1_147' title='bbox 804 2172 998 2243; x_wconf 85' lang='lat' dir='ltr'><strong>acceperunt.</strong></span> <span class='ocrx_word' id='word_1_148' title='bbox 1042 2160 1090 2223; x_wconf 87' lang='lat' dir='ltr'><strong>Ita</strong></span> <span class='ocrx_word' id='word_1_149' title='bbox 1111 2171 1203 2244; x_wconf 85' lang='lat' dir='ltr'><strong>capta</strong></span> 
     </span>
     <span class='ocr_line' id='line_1_21' title="bbox 155 2245 1203 2329; baseline 0.003 -23"><span class='ocrx_word' id='word_1_150' title='bbox 155 2245 226 2307; x_wconf 86' lang='lat' dir='ltr'><strong>urbs</strong></span> <span class='ocrx_word' id='word_1_151' title='bbox 246 2264 282 2307; x_wconf 81' lang='lat' dir='ltr'><strong>ac</strong></span> <span class='ocrx_word' id='word_1_152' title='bbox 298 2246 419 2328; x_wconf 88' lang='lat' dir='ltr'><strong>direpta</strong></span> <span class='ocrx_word' id='word_1_153' title='bbox 432 2258 488 2309; x_wconf 83' lang='lat' dir='ltr'><strong>est</strong></span> <span class='ocrx_word' id='word_1_154' title='bbox 502 2245 599 2308; x_wconf 85' lang='lat' dir='ltr'><strong>libera</strong></span> <span class='ocrx_word' id='word_1_155' title='bbox 611 2266 731 2327; x_wconf 91' lang='lat' dir='ltr'><strong>quoque</strong></span> <span class='ocrx_word' id='word_1_156' title='bbox 751 2266 891 2329; x_wconf 84' lang='lat' dir='ltr'><strong>corpora,</strong></span> <span class='ocrx_word' id='word_1_157' title='bbox 912 2264 979 2328; x_wconf 76' lang='lat' dir='ltr'><strong>qua</strong></span> <span class='ocrx_word' id='word_1_158' title='bbox 997 2247 1130 2309; x_wconf 71' lang='lat' dir='ltr'><strong>cedibus</strong></span> <span class='ocrx_word' id='word_1_159' title='bbox 1151 2268 1203 2309; x_wconf 89' lang='lat' dir='ltr'><strong>su·</strong></span> 
     </span>
     <span class='ocr_line' id='line_1_22' title="bbox 151 2330 1204 2414; baseline 0.003 -22"><span class='ocrx_word' id='word_1_160' title='bbox 151 2331 339 2413; x_wconf 84' lang='lat' dir='ltr'><strong>perfuerunt,</strong></span> <span class='ocrx_word' id='word_1_161' title='bbox 361 2332 557 2394; x_wconf 81' lang='lat' dir='ltr'><strong>venumdata.</strong></span> <span class='ocrx_word' id='word_1_162' title='bbox 601 2330 714 2393; x_wconf 88' lang='lat' dir='ltr'><strong>Diruto</strong></span> <span class='ocrx_word' id='word_1_163' title='bbox 728 2352 842 2413; x_wconf 83' lang='lat' dir='ltr'><strong>magno</strong></span> <span class='ocrx_word' id='word_1_164' title='bbox 861 2352 900 2394; x_wconf 84' lang='lat' dir='ltr'><strong>ex</strong></span> <span class='ocrx_word' id='word_1_165' title='bbox 919 2344 1006 2414; x_wconf 89' lang='lat' dir='ltr'><strong>parte</strong></span> <span class='ocrx_word' id='word_1_166' title='bbox 1026 2344 1059 2395; x_wconf 91' lang='lat' dir='ltr'><strong>et</strong></span> <span class='ocrx_word' id='word_1_167' title='bbox 1077 2334 1204 2396; x_wconf 89' lang='lat' dir='ltr'><strong>incenso</strong></span> 
     </span>
     <span class='ocr_line' id='line_1_23' title="bbox 152 2416 1205 2587; baseline 0.002 -22"><span class='ocrx_word' id='word_1_168' title='bbox 152 2416 820 2587; x_wconf 51' lang='lat' dir='ltr'><strong>difficifoiiim&#39;iiiiddfimufff</strong></span> <span class='ocrx_word' id='word_1_169' title='bbox 841 2419 1205 2568; x_wconf 61' lang='lat' dir='ltr'><strong>btttddtnfzt</strong></span> 
     </span>
     <span class='ocr_line' id='line_1_24' title="bbox 155 2524 1204 2673; baseline 0.003 -21"><span class='ocrx_word' id='word_1_170' title='bbox 155 2586 318 2673; x_wconf 85' lang='lat' dir='ltr'><strong>Hippiam,</strong></span> <span class='ocrx_word' id='word_1_171' title='bbox 350 2524 563 2654; x_wconf 54' lang='lat' dir='ltr'><strong>ungarorum</strong></span> <span class='ocrx_word' id='word_1_172' title='bbox 592 2524 763 2672; x_wconf 74' lang='lat' dir='ltr'><strong>praetoiem,</strong></span> <span class='ocrx_word' id='word_1_173' title='bbox 800 2610 869 2652; x_wconf 90' lang='lat' dir='ltr'><strong>cum</strong></span> <span class='ocrx_word' id='word_1_174' title='bbox 901 2590 1041 2671; x_wconf 76' lang='lat' dir='ltr'><strong>prasidio</strong></span> <span class='ocrx_word' id='word_1_175' title='bbox 1074 2591 1204 2655; x_wconf 83' lang='lat' dir='ltr'><strong>intrasse</strong></span> 
     </span>
     <span class='ocr_line' id='line_1_25' title="bbox 158 2675 1202 2759; baseline 0.002 -21"><span class='ocrx_word' id='word_1_176' title='bbox 158 2677 336 2758; x_wconf 73' lang='lat' dir='ltr'><strong>accepisset,</strong></span> <span class='ocrx_word' id='word_1_177' title='bbox 359 2697 399 2738; x_wconf 87' lang='lat' dir='ltr'><strong>ne</strong></span> <span class='ocrx_word' id='word_1_178' title='bbox 416 2686 535 2738; x_wconf 82' lang='lat' dir='ltr'><strong>tentata</strong></span> <span class='ocrx_word' id='word_1_179' title='bbox 554 2675 677 2756; x_wconf 86' lang='lat' dir='ltr'><strong>quidem</strong></span> <span class='ocrx_word' id='word_1_180' title='bbox 701 2676 940 2758; x_wconf 80' lang='lat' dir='ltr'><strong>obpugnatione,</strong></span> <span class='ocrx_word' id='word_1_181' title='bbox 962 2688 1202 2759; x_wconf 77' lang='lat' dir='ltr'><strong>praetergressus,</strong></span> 
     </span>
     <span class='ocr_line' id='line_1_26' title="bbox 157 2760 1202 2847; baseline 0 -22"><span class='ocrx_word' id='word_1_182' title='bbox 157 2763 182 2802; x_wconf 78' lang='lat'><strong>⁸⁵</strong></span> <span class='ocrx_word' id='word_1_183' title='bbox 198 2761 332 2826; x_wconf 79' lang='lat' dir='ltr'><strong>Elatiam</strong></span> <span class='ocrx_word' id='word_1_184' title='bbox 362 2773 397 2824; x_wconf 88' lang='lat' dir='ltr'><strong>et</strong></span> <span class='ocrx_word' id='word_1_185' title='bbox 421 2760 575 2839; x_wconf 86' lang='lat' dir='ltr'><strong>Gonnum,</strong></span> <span class='ocrx_word' id='word_1_186' title='bbox 607 2762 752 2843; x_wconf 84' lang='lat' dir='ltr'><strong>perculsis</strong></span> <span class='ocrx_word' id='word_1_187' title='bbox 778 2761 937 2843; x_wconf 85' lang='lat' dir='ltr'><strong>inopinato</strong></span> <span class='ocrx_word' id='word_1_188' title='bbox 959 2763 1091 2824; x_wconf 85' lang='lat' dir='ltr'><strong>adventu</strong></span> <span class='ocrx_word' id='word_1_189' title='bbox 1110 2765 1202 2847; x_wconf 91' lang='lat' dir='ltr'><strong>oppi-</strong></span> 
     </span>
     <span class='ocr_line' id='line_1_27' title="bbox 157 2845 1210 2936; baseline -0.001 -25"><span class='ocrx_word' id='word_1_190' title='bbox 157 2849 254 2926; x_wconf 81' lang='lat' dir='ltr'><strong>danis,</strong></span> <span class='ocrx_word' id='word_1_191' title='bbox 287 2847 413 2930; x_wconf 90' lang='lat' dir='ltr'><strong>recepit.</strong></span> <span class='ocrx_word' id='word_1_192' title='bbox 472 2845 608 2928; x_wconf 88' lang='lat' dir='ltr'><strong>Utraque</strong></span> <span class='ocrx_word' id='word_1_193' title='bbox 639 2846 754 2928; x_wconf 87' lang='lat' dir='ltr'><strong>oppida</strong></span> <span class='ocrx_word' id='word_1_194' title='bbox 787 2847 819 2906; x_wconf 90' lang='lat' dir='ltr'><strong>in</strong></span> <span class='ocrx_word' id='word_1_195' title='bbox 849 2846 985 2912; x_wconf 88' lang='lat' dir='ltr'><strong>faucibus</strong></span> <span class='ocrx_word' id='word_1_196' title='bbox 1020 2860 1102 2928; x_wconf 80' lang='lat' dir='ltr'><strong>sunt,</strong></span> <span class='ocrx_word' id='word_1_197' title='bbox 1135 2869 1210 2936; x_wconf 67' lang='lat' dir='ltr'><strong>qum</strong></span> 
     </span>
     <span class='ocr_line' id='line_1_28' title="bbox 156 2929 1205 3018; baseline 0.004 -22"><span class='ocrx_word' id='word_1_198' title='bbox 156 2931 272 3017; x_wconf 80' lang='lat' dir='ltr'><strong>Tempe</strong></span> <span class='ocrx_word' id='word_1_199' title='bbox 298 2933 432 3012; x_wconf 72' lang='lat' dir='ltr'><strong>adeunt5</strong></span> <span class='ocrx_word' id='word_1_200' title='bbox 466 2933 564 3014; x_wconf 77' lang='lat' dir='ltr'><strong>magis</strong></span> <span class='ocrx_word' id='word_1_201' title='bbox 579 2929 716 2995; x_wconf 89' lang='lat' dir='ltr'><strong>Gonnus.</strong></span> <span class='ocrx_word' id='word_1_202' title='bbox 739 2932 845 3014; x_wconf 90' lang='lat' dir='ltr'><strong>itaque</strong></span> <span class='ocrx_word' id='word_1_203' title='bbox 866 2943 899 2994; x_wconf 88' lang='lat' dir='ltr'><strong>et</strong></span> <span class='ocrx_word' id='word_1_204' title='bbox 919 2933 1054 2996; x_wconf 87' lang='lat' dir='ltr'><strong>firmiore</strong></span> <span class='ocrx_word' id='word_1_205' title='bbox 1071 2936 1104 2999; x_wconf 90' lang='lat' dir='ltr'><strong>id</strong></span> <span class='ocrx_word' id='word_1_206' title='bbox 1125 2957 1205 3018; x_wconf 85' lang='lat' dir='ltr'><strong>prae-</strong></span> 
     </span>
    </p>

    <p class='ocr_par' dir='ltr' id='par_1_4' title="bbox 80 3017 1205 3274">
     <span class='ocr_line' id='line_1_29' title="bbox 80 3017 1205 3103; baseline 0.005 -23"><span class='ocrx_word' id='word_1_207' title='bbox 80 3095 82 3098; x_wconf 20' lang='lat'>·</span> <span class='ocrx_word' id='word_1_208' title='bbox 158 3021 236 3084; x_wconf 85' lang='lat' dir='ltr'><strong>sidio</strong></span> <span class='ocrx_word' id='word_1_209' title='bbox 261 3032 362 3084; x_wconf 90' lang='lat' dir='ltr'><strong>tutum</strong></span> <span class='ocrx_word' id='word_1_210' title='bbox 387 3019 523 3101; x_wconf 90' lang='lat' dir='ltr'><strong>equitum</strong></span> <span class='ocrx_word' id='word_1_211' title='bbox 539 3017 747 3101; x_wconf 87' lang='lat' dir='ltr'><strong>peditumque,</strong></span> <span class='ocrx_word' id='word_1_212' title='bbox 769 3019 810 3080; x_wconf 85' lang='lat' dir='ltr'><strong>ad</strong></span> <span class='ocrx_word' id='word_1_213' title='bbox 836 3020 896 3081; x_wconf 91' lang='lat' dir='ltr'><strong>hoc</strong></span> <span class='ocrx_word' id='word_1_214' title='bbox 921 3019 1004 3081; x_wconf 87' lang='lat' dir='ltr'><strong>fossa</strong></span> <span class='ocrx_word' id='word_1_215' title='bbox 1029 3021 1142 3103; x_wconf 76' lang='lat' dir='ltr'><strong>triplici</strong></span> <span class='ocrx_word' id='word_1_216' title='bbox 1165 3043 1205 3086; x_wconf 85' lang='lat' dir='ltr'><strong>ac</strong></span> 
     </span>
     <span class='ocr_line' id='line_1_30' title="bbox 156 3103 1204 3190; baseline 0.002 -22"><span class='ocrx_word' id='word_1_217' title='bbox 156 3105 236 3168; x_wconf 85' lang='lat' dir='ltr'><strong>vallo</strong></span> <span class='ocrx_word' id='word_1_218' title='bbox 259 3107 423 3184; x_wconf 83' lang='lat' dir='ltr'><strong>monitmn,</strong></span> <span class='ocrx_word' id='word_1_219' title='bbox 456 3105 588 3187; x_wconf 87' lang='lat' dir='ltr'><strong>reliquit.</strong></span> <span class='ocrx_word' id='word_1_220' title='bbox 644 3103 723 3187; x_wconf 85' lang='lat' dir='ltr'><strong>Ipse,</strong></span> <span class='ocrx_word' id='word_1_221' title='bbox 756 3105 795 3166; x_wconf 88' lang='lat' dir='ltr'><strong>ad</strong></span> <span class='ocrx_word' id='word_1_222' title='bbox 826 3103 985 3189; x_wconf 86' lang='lat' dir='ltr'><strong>Sycurium</strong></span> <span class='ocrx_word' id='word_1_223' title='bbox 1015 3127 1204 3190; x_wconf 81' lang='lat' dir='ltr'><strong>progressus,</strong></span> 
     </span>
     <span class='ocr_line' id='line_1_31' title="bbox 158 3191 1202 3274; baseline 0.003 -22"><span class='ocrx_word' id='word_1_224' title='bbox 158 3192 289 3274; x_wconf 88' lang='lat' dir='ltr'><strong>opperiri</strong></span> <span class='ocrx_word' id='word_1_225' title='bbox 310 3193 353 3254; x_wconf 91' lang='lat' dir='ltr'><strong>ibi</strong></span> <span class='ocrx_word' id='word_1_226' title='bbox 377 3191 512 3256; x_wconf 85' lang='lat' dir='ltr'><strong>hostimn</strong></span> <span class='ocrx_word' id='word_1_227' title='bbox 534 3191 697 3256; x_wconf 70' lang='lat' dir='ltr'><strong>adventum</strong></span> <span class='ocrx_word' id='word_1_228' title='bbox 721 3192 849 3254; x_wconf 82' lang='lat' dir='ltr'><strong>statuit:</strong></span> <span class='ocrx_word' id='word_1_229' title='bbox 873 3192 961 3254; x_wconf 90' lang='lat' dir='ltr'><strong>simul</strong></span> <span class='ocrx_word' id='word_1_230' title='bbox 978 3204 1011 3254; x_wconf 90' lang='lat' dir='ltr'><strong>et</strong></span> <span class='ocrx_word' id='word_1_231' title='bbox 1024 3193 1202 3257; x_wconf 87' lang='lat' dir='ltr'><strong>frumentari</strong></span> 
     </span>
    </p>
   </div>
   <div class='ocr_carea' id='block_1_3' title="bbox 157 3275 1204 3534">
    <p class='ocr_par' dir='ltr' id='par_1_5' title="bbox 157 3275 1204 3534">
     <span class='ocr_line' id='line_1_32' title="bbox 183 3275 1204 3361; baseline 0.004 -23"><span class='ocrx_word' id='word_1_232' title='bbox 183 3277 273 3340; x_wconf 87' lang='lat' dir='ltr'><strong>assim</strong></span> <span class='ocrx_word' id='word_1_233' title='bbox 300 3279 462 3342; x_wconf 84' lang='lat' dir='ltr'><strong>exercitum</strong></span> <span class='ocrx_word' id='word_1_234' title='bbox 488 3278 576 3360; x_wconf 87' lang='lat' dir='ltr'><strong>jubet</strong></span> <span class='ocrx_word' id='word_1_235' title='bbox 601 3278 633 3340; x_wconf 91' lang='lat' dir='ltr'><strong>in</strong></span> <span class='ocrx_word' id='word_1_236' title='bbox 658 3275 797 3360; x_wconf 85' lang='lat' dir='ltr'><strong>subjecto</strong></span> <span class='ocrx_word' id='word_1_237' title='bbox 823 3278 956 3340; x_wconf 90' lang='lat' dir='ltr'><strong>hostium</strong></span> <span class='ocrx_word' id='word_1_238' title='bbox 971 3297 1057 3358; x_wconf 76' lang='lat' dir='ltr'><strong>agro.</strong></span> <span class='ocrx_word' id='word_1_239' title='bbox 1071 3299 1204 3361; x_wconf 88' lang='lat' dir='ltr'><strong>namque</strong></span> 
     </span>
     <span class='ocr_line' id='line_1_33' title="bbox 158 3299 1203 3447; baseline 0.004 -23"><span class='ocrx_word' id='word_1_240' title='bbox 158 3299 319 3447; x_wconf 58' lang='lat' dir='ltr'><strong>§ymnum</strong></span> <span class='ocrx_word' id='word_1_241' title='bbox 346 3375 393 3428; x_wconf 88' lang='lat' dir='ltr'><strong>est</strong></span> <span class='ocrx_word' id='word_1_242' title='bbox 416 3366 470 3427; x_wconf 82' lang='lat' dir='ltr'><strong>sub</strong></span> <span class='ocrx_word' id='word_1_243' title='bbox 495 3364 646 3427; x_wconf 87' lang='lat' dir='ltr'><strong>radicibus</strong></span> <span class='ocrx_word' id='word_1_244' title='bbox 670 3362 757 3427; x_wconf 83' lang='lat' dir='ltr'><strong>Ossae</strong></span> <span class='ocrx_word' id='word_1_245' title='bbox 777 3363 902 3425; x_wconf 85' lang='lat' dir='ltr'><strong>montis.</strong></span> <span class='ocrx_word' id='word_1_246' title='bbox 922 3364 1030 3444; x_wconf 90' lang='lat' dir='ltr'><strong>quain</strong></span> <span class='ocrx_word' id='word_1_247' title='bbox 1045 3363 1203 3428; x_wconf 88' lang='lat' dir='ltr'><strong>meridiem</strong></span> 
     </span>
     <span class='ocr_line' id='line_1_34' title="bbox 157 3445 1201 3534; baseline 0.002 -22"><span class='ocrx_word' id='word_1_248' title='bbox 157 3449 266 3532; x_wconf 76' lang='lat' dir='ltr'><strong>vergit.</strong></span> <span class='ocrx_word' id='word_1_249' title='bbox 280 3449 431 3534; x_wconf 90' lang='lat' dir='ltr'><strong>subjectos</strong></span> <span class='ocrx_word' id='word_1_250' title='bbox 446 3452 539 3516; x_wconf 83' lang='lat' dir='ltr'><strong>babet</strong></span> <span class='ocrx_word' id='word_1_251' title='bbox 552 3445 718 3514; x_wconf 76' lang='lat' dir='ltr'><strong>&#39;ibessalie</strong></span> <span class='ocrx_word' id='word_1_252' title='bbox 740 3467 884 3533; x_wconf 83' lang='lat' dir='ltr'><strong>campos:</strong></span> <span class='ocrx_word' id='word_1_253' title='bbox 920 3450 960 3512; x_wconf 84' lang='lat' dir='ltr'><strong>ab</strong></span> <span class='ocrx_word' id='word_1_254' title='bbox 982 3459 1071 3533; x_wconf 76' lang='lat' dir='ltr'><strong>tergo</strong></span> <span class='ocrx_word' id='word_1_255' title='bbox 1094 3448 1201 3515; x_wconf 85' lang='lat' dir='ltr'><strong>Mace·</strong></span> 
     </span>
    </p>
   </div>
   <div class='ocr_carea' id='block_1_4' title="bbox 154 3651 1280 4560">
    <p class='ocr_par' dir='ltr' id='par_1_6' title="bbox 154 3651 1280 4560">
     <span class='ocr_line' id='line_1_35' title="bbox 154 3651 1280 3724; baseline 0.003 -18"><span class='ocrx_word' id='word_1_256' title='bbox 154 3655 185 3706; x_wconf 82' lang='lat' dir='ltr'><strong>rit</strong></span> <span class='ocrx_word' id='word_1_257' title='bbox 202 3655 248 3719; x_wconf 70' lang='lat' dir='ltr'><strong>legi</strong></span> <span class='ocrx_word' id='word_1_258' title='bbox 261 3667 359 3717; x_wconf 69' lang='lat' dir='ltr'><strong>mur.</strong></span> <span class='ocrx_word' id='word_1_259' title='bbox 376 3673 427 3724; x_wconf 76' lang='lat' dir='ltr'><strong>quar</strong></span> <span class='ocrx_word' id='word_1_260' title='bbox 446 3657 526 3709; x_wconf 81' lang='lat' dir='ltr'><strong>infelix</strong></span> <span class='ocrx_word' id='word_1_261' title='bbox 535 3653 664 3710; x_wconf 76' lang='lat' dir='ltr'><strong>emendatio</strong></span> <span class='ocrx_word' id='word_1_262' title='bbox 694 3651 787 3721; x_wconf 76' lang='lat' dir='ltr'><strong>occepit]</strong></span> <span class='ocrx_word' id='word_1_263' title='bbox 809 3652 862 3705; x_wconf 80' lang='lat' dir='ltr'><strong>Vox</strong></span> <span class='ocrx_word' id='word_1_264' title='bbox 878 3653 1052 3711; x_wconf 72' lang='lat' dir='ltr'><strong>mnulhnr</strong></span> <span class='ocrx_word' id='word_1_265' title='bbox 1069 3659 1204 3712; x_wconf 74' lang='lat' dir='ltr'><strong>frisiorum</strong></span> <span class='ocrx_word' id='word_1_266' title='bbox 1274 3678 1280 3688; x_wconf 89' lang='lat'><strong>·</strong></span> 
     </span>
     <span class='ocr_line' id='line_1_36' title="bbox 154 3721 1204 3790; baseline 0.005 -18"><span class='ocrx_word' id='word_1_267' title='bbox 154 3722 274 3788; x_wconf 66' lang='lat' dir='ltr'><strong>pinosque</strong></span> <span class='ocrx_word' id='word_1_268' title='bbox 301 3725 376 3774; x_wconf 79' lang='lat' dir='ltr'><strong>aditor</strong></span> <span class='ocrx_word' id='word_1_269' title='bbox 403 3726 532 3790; x_wconf 77' lang='lat' dir='ltr'><strong>occuparit.</strong></span> <span class='ocrx_word' id='word_1_270' title='bbox 574 3724 664 3788; x_wconf 88' lang='lat' dir='ltr'><strong>Perrpi·</strong></span> <span class='ocrx_word' id='word_1_271' title='bbox 695 3722 777 3771; x_wconf 78' lang='lat' dir='ltr'><strong>hibet:</strong></span> <span class='ocrx_word' id='word_1_272' title='bbox 795 3738 821 3770; x_wconf 82' lang='lat' dir='ltr'><strong>sc</strong></span> <span class='ocrx_word' id='word_1_273' title='bbox 831 3723 898 3772; x_wconf 79' lang='lat' dir='ltr'><strong>focile</strong></span> <span class='ocrx_word' id='word_1_274' title='bbox 908 3721 1071 3771; x_wconf 80' lang='lat' dir='ltr'><strong>crediderimus</strong></span> <span class='ocrx_word' id='word_1_275' title='bbox 1081 3741 1132 3773; x_wconf 82' lang='lat' dir='ltr'><strong>cam</strong></span> <span class='ocrx_word' id='word_1_276' title='bbox 1143 3729 1204 3777; x_wconf 74' lang='lat' dir='ltr'><strong>mia</strong></span> 
     </span>
     <span class='ocr_line' id='line_1_37' title="bbox 154 3788 1207 3856; baseline 0.002 -20"><span class='ocrx_word' id='word_1_277' title='bbox 154 3789 664 3856; x_wconf 72' lang='lat' dir='ltr'><strong>commmencrcprimorrihilmimaoon·</strong></span> <span class='ocrx_word' id='word_1_278' title='bbox 696 3799 835 3838; x_wconf 67' lang='lat' dir='ltr'><strong>mmmm</strong></span> <span class='ocrx_word' id='word_1_279' title='bbox 850 3788 1016 3854; x_wconf 81' lang='lat' dir='ltr'><strong>expropinqua</strong></span> <span class='ocrx_word' id='word_1_280' title='bbox 1031 3792 1207 3851; x_wconf 67' lang='lat' dir='ltr'><strong>mormacus,</strong></span> 
     </span>
     <span class='ocr_line' id='line_1_38' title="bbox 154 3853 1173 3919; baseline 0.003 -19"><span class='ocrx_word' id='word_1_281' title='bbox 154 3853 371 3914; x_wconf 81' lang='lat' dir='ltr'><strong>renirebuicloco,</strong></span> <span class='ocrx_word' id='word_1_282' title='bbox 380 3872 448 3919; x_wconf 79' lang='lat' dir='ltr'><strong>quam</strong></span> <span class='ocrx_word' id='word_1_283' title='bbox 462 3856 558 3905; x_wconf 82' lang='lat' dir='ltr'><strong>verbum</strong></span> <span class='ocrx_word' id='word_1_284' title='bbox 568 3863 664 3904; x_wconf 74' lang='lat' dir='ltr'><strong>cunctim</strong></span> <span class='ocrx_word' id='word_1_285' title='bbox 698 3869 781 3917; x_wconf 78' lang='lat' dir='ltr'><strong>quaere</strong></span> <span class='ocrx_word' id='word_1_286' title='bbox 813 3855 904 3904; x_wconf 88' lang='lat' dir='ltr'><strong>rituriu</strong></span> <span class='ocrx_word' id='word_1_287' title='bbox 914 3855 1055 3918; x_wconf 72' lang='lat' dir='ltr'><strong>procedenti</strong></span> <span class='ocrx_word' id='word_1_288' title='bbox 1062 3853 1173 3903; x_wconf 87' lang='lat' dir='ltr'><strong>membro.</strong></span> 
     </span>
     <span class='ocr_line' id='line_1_39' title="bbox 154 3915 1207 3986; baseline 0.003 -20"><span class='ocrx_word' id='word_1_289' title='bbox 154 3915 213 3966; x_wconf 83' lang='lat' dir='ltr'><strong>Non</strong></span> <span class='ocrx_word' id='word_1_290' title='bbox 229 3919 292 3967; x_wconf 80' lang='lat' dir='ltr'><strong>enim</strong></span> <span class='ocrx_word' id='word_1_291' title='bbox 308 3919 415 3984; x_wconf 75' lang='lat' dir='ltr'><strong>Cyretias</strong></span> <span class='ocrx_word' id='word_1_292' title='bbox 429 3923 665 3986; x_wconf 72' lang='lat' dir='ltr'><strong>Perseuroppugnarc</strong></span> <span class='ocrx_word' id='word_1_293' title='bbox 730 3919 751 3952; x_wconf 79' lang='lat'><strong>⁸⁴</strong></span> <span class='ocrx_word' id='word_1_294' title='bbox 791 3917 1207 3982; x_wconf 74' lang='lat' dir='ltr'><strong>rubris...jarn1cn&#39;runt]Grcno-</strong></span> 
     </span>
     <span class='ocr_line' id='line_1_40' title="bbox 158 3982 1204 4051; baseline -0.001 -19"><span class='ocrx_word' id='word_1_295' title='bbox 158 3991 255 4032; x_wconf 69' lang='lat' dir='ltr'><strong>mr·</strong></span> <span class='ocrx_word' id='word_1_296' title='bbox 269 3995 316 4041; x_wconf 75' lang='lat' dir='ltr'><strong>ert,</strong></span> <span class='ocrx_word' id='word_1_297' title='bbox 331 3987 370 4034; x_wconf 82' lang='lat' dir='ltr'><strong>red</strong></span> <span class='ocrx_word' id='word_1_298' title='bbox 385 3999 410 4037; x_wconf 84' lang='lat' dir='ltr'><strong>ct</strong></span> <span class='ocrx_word' id='word_1_299' title='bbox 428 3988 564 4051; x_wconf 76' lang='lat' dir='ltr'><strong>oppugnavit</strong></span> <span class='ocrx_word' id='word_1_300' title='bbox 580 3999 667 4042; x_wconf 81' lang='lat' dir='ltr'><strong>rorem,</strong></span> <span class='ocrx_word' id='word_1_301' title='bbox 697 3983 747 4032; x_wconf 81' lang='lat' dir='ltr'><strong>rior</strong></span> <span class='ocrx_word' id='word_1_302' title='bbox 756 3983 861 4032; x_wconf 81' lang='lat' dir='ltr'><strong>observat</strong></span> <span class='ocrx_word' id='word_1_303' title='bbox 870 3983 974 4031; x_wconf 74' lang='lat' dir='ltr'><strong>usitatius</strong></span> <span class='ocrx_word' id='word_1_304' title='bbox 991 3982 1034 4030; x_wconf 87' lang='lat' dir='ltr'><strong>dici</strong></span> <span class='ocrx_word' id='word_1_305' title='bbox 1041 3982 1144 4043; x_wconf 74' lang='lat' dir='ltr'><strong>joculari</strong></span> <span class='ocrx_word' id='word_1_306' title='bbox 1159 3987 1204 4035; x_wconf 77' lang='lat' dir='ltr'><strong>rti-</strong></span> 
     </span>
     <span class='ocr_line' id='line_1_41' title="bbox 155 4045 1205 4112; baseline 0.004 -16"><span class='ocrx_word' id='word_1_307' title='bbox 155 4059 182 4097; x_wconf 79' lang='lat' dir='ltr'><strong>rt</strong></span> <span class='ocrx_word' id='word_1_308' title='bbox 202 4047 273 4110; x_wconf 86' lang='lat' dir='ltr'><strong>cepit.</strong></span> <span class='ocrx_word' id='word_1_309' title='bbox 312 4049 405 4100; x_wconf 81' lang='lat' dir='ltr'><strong>Deinde</strong></span> <span class='ocrx_word' id='word_1_310' title='bbox 424 4068 470 4101; x_wconf 90' lang='lat' dir='ltr'><strong>non</strong></span> <span class='ocrx_word' id='word_1_311' title='bbox 488 4053 564 4100; x_wconf 80' lang='lat' dir='ltr'><strong>minua</strong></span> <span class='ocrx_word' id='word_1_312' title='bbox 580 4049 665 4100; x_wconf 73' lang='lat' dir='ltr'><strong>clanim</strong></span> <span class='ocrx_word' id='word_1_313' title='bbox 697 4050 759 4112; x_wconf 75' lang='lat' dir='ltr'><strong>quid,</strong></span> <span class='ocrx_word' id='word_1_314' title='bbox 776 4047 814 4095; x_wconf 85' lang='lat' dir='ltr'><strong>rel</strong></span> <span class='ocrx_word' id='word_1_315' title='bbox 825 4065 866 4112; x_wconf 90' lang='lat' dir='ltr'><strong>pro</strong></span> <span class='ocrx_word' id='word_1_316' title='bbox 883 4063 961 4112; x_wconf 86' lang='lat' dir='ltr'><strong>scopo,</strong></span> <span class='ocrx_word' id='word_1_317' title='bbox 977 4058 1004 4094; x_wconf 91' lang='lat' dir='ltr'><strong>ut</strong></span> <span class='ocrx_word' id='word_1_318' title='bbox 1023 4045 1120 4096; x_wconf 70' lang='lat' dir='ltr'><strong>Dextera</strong></span> <span class='ocrx_word' id='word_1_319' title='bbox 1133 4066 1205 4100; x_wconf 67' lang='lat' dir='ltr'><strong>nour</strong></span> 
     </span>
     <span class='ocr_line' id='line_1_42' title="bbox 156 4113 1231 4182; baseline 0.004 -22"><span class='ocrx_word' id='word_1_320' title='bbox 156 4123 204 4174; x_wconf 78' lang='lat' dir='ltr'><strong>ert,</strong></span> <span class='ocrx_word' id='word_1_321' title='bbox 222 4113 317 4160; x_wconf 82' lang='lat' dir='ltr'><strong>verbum</strong></span> <span class='ocrx_word' id='word_1_322' title='bbox 335 4125 421 4165; x_wconf 69' lang='lat' dir='ltr'><strong>motas</strong></span> <span class='ocrx_word' id='word_1_323' title='bbox 438 4119 590 4182; x_wconf 83' lang='lat' dir='ltr'><strong>bicrpprime</strong></span> <span class='ocrx_word' id='word_1_324' title='bbox 608 4131 664 4178; x_wconf 79' lang='lat' dir='ltr'><strong>qua·</strong></span> <span class='ocrx_word' id='word_1_325' title='bbox 689 4115 889 4174; x_wconf 67' lang='lat' dir='ltr'><strong>joculatorum,</strong></span> <span class='ocrx_word' id='word_1_326' title='bbox 905 4113 942 4160; x_wconf 82' lang='lat' dir='ltr'><strong>vel</strong></span> <span class='ocrx_word' id='word_1_327' title='bbox 953 4113 1061 4175; x_wconf 83' lang='lat' dir='ltr'><strong>protelo,</strong></span> <span class='ocrx_word' id='word_1_328' title='bbox 1075 4116 1205 4174; x_wconf 71' lang='lat' dir='ltr'><strong>utjmua·</strong></span> <span class='ocrx_word' id='word_1_329' title='bbox 1227 4129 1231 4143; x_wconf 82' lang='lat'><strong><em>¹</em></strong></span> 
     </span>
     <span class='ocr_line' id='line_1_43' title="bbox 156 4177 1206 4259; baseline 0.003 -33"><span class='ocrx_word' id='word_1_330' title='bbox 156 4179 230 4256; x_wconf 52' lang='grc' dir='ltr'><strong>ἅμα.</strong></span> <span class='ocrx_word' id='word_1_331' title='bbox 263 4177 353 4228; x_wconf 79' lang='lat' dir='ltr'><strong>Urbem</strong></span> <span class='ocrx_word' id='word_1_332' title='bbox 374 4180 399 4234; x_wconf 83' lang='lat' dir='ltr'><strong>in</strong></span> <span class='ocrx_word' id='word_1_333' title='bbox 421 4180 547 4230; x_wconf 74' lang='lat' dir='ltr'><strong>Pentaeb&#39;o</strong></span> <span class='ocrx_word' id='word_1_334' title='bbox 569 4183 666 4230; x_wconf 82' lang='lat' dir='ltr'><strong>Perrrus</strong></span> <span class='ocrx_word' id='word_1_335' title='bbox 697 4187 733 4226; x_wconf 81' lang='lat' dir='ltr'><strong>uu</strong></span> <span class='ocrx_word' id='word_1_336' title='bbox 756 4177 864 4253; x_wconf 65' lang='lat' dir='ltr'><strong>puppibus</strong></span> <span class='ocrx_word' id='word_1_337' title='bbox 879 4178 948 4240; x_wconf 64' lang='lat' dir='ltr'><strong>ipra.</strong></span> <span class='ocrx_word' id='word_1_338' title='bbox 989 4178 1069 4241; x_wconf 81' lang='lat' dir='ltr'><strong>itaquo</strong></span> <span class='ocrx_word' id='word_1_339' title='bbox 1089 4177 1206 4259; x_wconf 31' lang='lat' dir='ltr'><strong>legiturei</strong></span> 
     </span>
     <span class='ocr_line' id='line_1_44' title="bbox 155 4241 1209 4374; baseline 0.001 -18"><span class='ocrx_word' id='word_1_340' title='bbox 155 4243 611 4374; x_wconf 58' lang='lat' dir='ltr'><strong>tndttc&#39;t‘tt&#39;tt‘tt</strong></span> <span class='ocrx_word' id='word_1_341' title='bbox 622 4259 668 4358; x_wconf 73' lang='lat' dir='ltr'><strong>tt</strong></span> <span class='ocrx_word' id='word_1_342' title='bbox 695 4241 1065 4369; x_wconf 47' lang='lat' dir='ltr'><strong>ffirra‘ttfrttnff’</strong></span> <span class='ocrx_word' id='word_1_343' title='bbox 1085 4258 1105 4292; x_wconf 86' lang='lat'><strong>⁸¹</strong></span> <span class='ocrx_word' id='word_1_344' title='bbox 1124 4257 1209 4308; x_wconf 49' lang='grc' dir='ltr'><strong>Μ’</strong></span> 
     </span>
     <span class='ocr_line' id='line_1_45' title="bbox 157 4369 1210 4438; baseline 0.003 -17"><span class='ocrx_word' id='word_1_345' title='bbox 157 4387 287 4435; x_wconf 73' lang='lat' dir='ltr'><strong>oppugnare</strong></span> <span class='ocrx_word' id='word_1_346' title='bbox 309 4385 345 4422; x_wconf 81' lang='lat' dir='ltr'><strong>ert</strong></span> <span class='ocrx_word' id='word_1_347' title='bbox 369 4385 473 4432; x_wconf 74' lang='lat' dir='ltr'><strong>macros,</strong></span> <span class='ocrx_word' id='word_1_348' title='bbox 497 4387 566 4438; x_wconf 83' lang='lat' dir='ltr'><strong>atquc</strong></span> <span class='ocrx_word' id='word_1_349' title='bbox 594 4375 666 4424; x_wconf 82' lang='lat' dir='ltr'><strong>etism</strong></span> <span class='ocrx_word' id='word_1_350' title='bbox 730 4369 751 4404; x_wconf 73' lang='lat'><strong>⁸⁵</strong></span> <span class='ocrx_word' id='word_1_351' title='bbox 769 4369 1024 4435; x_wconf 66' lang='lat' dir='ltr'><strong>numanam]</strong></span> <span class='ocrx_word' id='word_1_352' title='bbox 1039 4373 1210 4424; x_wconf 75' lang='lat' dir='ltr'><strong>Suahisurbi-</strong></span> 
     </span>
     <span class='ocr_line' id='line_1_46' title="bbox 239 4518 1072 4560; baseline 0 -1"><span class='ocrx_word' id='word_1_353' title='bbox 239 4518 254 4550; x_wconf 56' lang='grc' dir='ltr'><strong><em>ἢ</em></strong></span> <span class='ocrx_word' id='word_1_354' title='bbox 392 4523 407 4559; x_wconf 77' lang='lat' dir='ltr'><strong>u</strong></span> <span class='ocrx_word' id='word_1_355' title='bbox 427 4521 497 4560; x_wconf 59' lang='grc' dir='ltr'><strong>ΜΗ</strong></span> <span class='ocrx_word' id='word_1_356' title='bbox 555 4521 567 4558; x_wconf 69' lang='lat' dir='ltr'><strong>f</strong></span> <span class='ocrx_word' id='word_1_357' title='bbox 1065 4536 1072 4559; x_wconf 83' lang='lat' dir='ltr'><strong>r</strong></span> 
     </span>
    </p>
   </div>
   <div class='ocr_carea' id='block_1_5' title="bbox 198 4587 759 4642">
    <p class='ocr_par' dir='ltr' id='par_1_7' title="bbox 198 4587 759 4642">
     <span class='ocr_line' id='line_1_47' title="bbox 198 4587 759 4642; baseline 0.005 -11"><span class='ocrx_word' id='word_1_358' title='bbox 198 4587 277 4642; x_wconf 67' lang='lat' dir='ltr'><strong>vola»</strong></span> <span class='ocrx_word' id='word_1_359' title='bbox 292 4587 338 4642; x_wconf 73' lang='lat' dir='ltr'><strong>iv.</strong></span> <span class='ocrx_word' id='word_1_360' title='bbox 738 4587 759 4634; x_wconf 81' lang='lat' dir='ltr'><strong>(i</strong></span> 
     </span>
    </p>
   </div>
   <div class='ocr_carea' id='block_1_6' title="bbox 0 0 1608 5225">
    <p class='ocr_par' dir='ltr' id='par_1_8' title="bbox 0 0 1608 5225">
     <span class='ocr_line' id='line_1_48' title="bbox 0 0 1608 5225; baseline 0 0"><span class='ocrx_word' id='word_1_361' title='bbox 0 0 1608 5225; x_wconf 95' lang='lat' dir='ltr'><strong> </strong></span> 
     </span>
    </p>
   </div>
  </div>
 </body>
</html>
