3184 5225
390 361 432 414 60
796 348 881 409 Tl'l'l
902 349 1001 408 LlVll

224 501 258 550 ll.
270 501 299 551 C.
309 505 366 556 581.

222 568 254 618 A.
265 567 294 618 C·
307 568 360 621 171.

389 507 434 570 ita
448 507 528 570 inter
541 501 844 588 utrosqueaeoptimam
855 503 1059 566 conditionem
1075 503 1244 566 civitatium
1260 506 1345 583 lore3
1363 527 1440 588 pro-

388 607 514 676 tegente
531 593 626 654 altero
645 607 764 668 semper
779 588 905 668 inopem
921 590 960 649 ab
976 589 1097 666 alterius
1121 590 1240 672 injuria.
1273 591 1348 654 Haec
1360 614 1438 676 ¹seu-

389 682 509 755 tientes,
525 676 694 738 certamina
718 672 872 734 fautorum
899 669 1169 758 utriusquepartis
1196 679 1283 739 taciti
1299 699 1338 740 ex
1364 689 1438 740 bato

388 765 576 846 spectabant.
609 759 803 836 ⁰⁸Cousules,
828 777 894 839 quo'
916 760 965 821 die
992 761 1204 842 magistratum
1224 765 1366 841 inierunt,
1395 784 1439 825 ex

387 846 649 911 senatusconsulto
669 865 762 927 quum
786 845 868 907 cirea
882 846 987 906 omnia
1009 846 1090 924 ferre,
1106 847 1137 908 iu
1154 849 1261 930 quibus
1282 850 1437 911 lectister-

386 934 472 996 nium
483 932 631 1015 majorem
642 943 759 1015 partem
770 932 842 992 anni
858 950 923 992 esse
934 932 1023 1011 solet,
1036 933 1199 1014 majoribus
1211 936 1319 997 hostiis
1330 935 1435 997 inmo·

387 1020 512 1096 lassent,
527 1021 597 1081 iude
611 1037 716 1100 preces
730 1037 801 1077 suae
816 1030 962 1098 acceptas¹
972 1019 1011 1078 ab
1033 1017 1101 1080 Diis
1122 1021 1333 1082 inmortalibus
1349 1023 1434 1083 omi-

386 1107 463 1182 nati,
478 1105 608 1181 serrium,
625 1104 682 1164 rite
697 1102 909 1180 sacrificatum,
932 1105 1199 1188 precationemque
1215 1107 1254 1168 de
1270 1107 1347 1169 bello
1361 1107 1432 1169 fec·

386 1202 463 1268 tem,
478 1191 700 1253 renunciarunt.
715 1208 721 1216 ’
743 1187 905 1270 Aruepices
920 1189 964 1250 ita
979 1192 1209 1271 responderunt,
1230 1195 1240 1226 ‘
1255 1195 1280 1254 si
1296 1192 1367 1273 quid
1383 1194 1431 1255 rei

387 1278 397 1310 ‘
411 1275 731 1357 novaeinciperetur,id
742 1273 954 1335 maturandum
966 1295 1040 1338 esse.
1051 1278 1219 1355 victoriam,
1229 1279 1431 1360 triumphum,

386 1361 398 1395 ‘
413 1365 440 1402 ’θ
453 1360 721 1444 prorogationemr
733 1359 851 1441 imperii
862 1359 1024 1442 portendi!
1048 1361 1163 1441 Patres,
1179 1365 1281 1444 ‘qaod
1294 1364 1430 1426 faustum

304 1442 311 1459 ⁸
385 1447 543 1527 ‘felixque
563 1447 675 1530 populo
699 1444 839 1507 Romano
863 1457 953 1523 esset,
979 1449 1156 1510 centuriatis
1181 1451 1313 1512 comitiis
1326 1451 1429 1532 primo

384 1534 396 1569 ‘
410 1554 530 1614 quoque
542 1533 591 1594 die
607 1533 684 1594 ferre
698 1531 739 1614 ⁸5¹
753 1531 900 1614 populum
915 1532 1076 1610 consules‚'
1087 1534 1251 1615 jusserunt,
1267 1537 1334 1613 ‘ut‚
1344 1537 1429 1616 quod

384 1620 396 1653 ‘
408 1618 544 1694 Perseus,
557 1618 685 1701 Philippi
695 1617 784 1696 lilius,
796 1615 1004 1680 Macedonum
1017 1641 1082 1698 rex,
1094 1621 1233 1684 universus
1245 1622 1344 1683 soedus
1356 1625 1428 1684 cuna

384 1705 396 1738 ‘
409 1718 496 1788 patre
507 1703 648 1786 Philippo
659 1706 765 1780 ictum,
777 1715 810 1764 et
822 1723 924 1764 secum
935 1716 1004 1786 post
1016 1719 1145 1769 mortem
1158 1707 1221 1789 ejus
1237 1719 1428 1786 renovatum,

384 1792 501 1853 ‘sociis
516 1791 620 1874 populi
632 1789 760 1852 Romani
777 1810 863 1850 orma
874 1789 1034 1867 intulisset,
1051 1812 1139 1872 agros
1149 1805 1307 1871 vastasset,
1320 1796 1425 1856 urbes·

384 1877 395 1910 ‘
411 1898 469 1958 que
480 1888 670 1960 occupassem
681 1875 822 1956 quodque
833 1875 903 1936 belli
914 1877 1039 1956 parandi
1052 1878 1192 1939 adversus
1201 1881 1348 1963 populum
1356 1880 1425 1942 Ro·

383 1961 535 2025 ‘manum
560 1961 685 2024 consilia
711 1961 814 2022 inisset
825 1970 849 2036 ⁸,
876 1979 970 2037 arma,
998 1963 1119 2041 milites,
1146 1964 1272 2027 classem
1294 1965 1358 2046 ejus
1381 1965 1425 2027 rei

383 2049 516 2110 ‘caussa
531 2059 756 2130 comparasset3
772 2057 817 2122 ut,
826 2045 882 2106 uisi
894 2047 932 2107 de
947 2047 983 2108 iis
993 2048 1082 2110 rebus
1092 2050 1298 2128 satisfecisset,
1311 2051 1423 2112 bellum

382 2134 478 2194 ‘oum
493 2155 531 2194 eo
546 2131 691 2195 iniretur.'
736 2130 811 2193 Haec
824 2131 944 2211 rogatio
960 2133 997 2193 ad
1013 2135 1158 2216 populum
1174 2137 1238 2199 lata
1252 2149 1307 2198 est.

423 2217 544 2280 XXXI.
564 2218 864 2280 senatusconsultum
888 2216 959 2278 inde
980 2217 1095 2282 factum
1118 2233 1176 2300 est,
1202 2221 1272 2285 ‘Ut
1285 2223 1425 2284 consules

380 2303 392 2338 ‘
406 2304 484 2366 inter
495 2327 527 2367 se
540 2305 709 2386 provincias
721 2302 841 2365 ltaliam
854 2301 886 2364 et
898 2300 1113 2368 Macedoniam
1126 2321 1347 2391 compararent,
1356 2331 1422 2370 sor-

380 2390 580 2453 ‘tirenturve
604 2390 662 2450 Cui
670 2389 856 2450 Macedonia
864 2389 1225 2475 obvenisset‚utisregem
1235 2394 1349 2472 Persea,
1356 2395 1424 2475 qui-

381 2475 391 2506 ‘
406 2496 464 2556 que
477 2475 541 2556 ejus
552 2487 666 2537 sectam
675 2476 770 2536 secuti
782 2486 894 2549 esseut,
906 2475 964 2534 uisi
979 2477 1092 2559 populo
1107 2478 1248 2542 Romano
1259 2481 1423 2542 satisfecis-

289 2566 296 2580 '
381 2557 829 2643 ‘sent,bellopersequeretur.'
857 2557 1141 2643 Legionesquatuor
1150 2586 1242 2627 novas
1253 2566 1343 2627 scribi
1356 2567 1424 2648 ple·

212 2972 249 3005 ets
259 2958 346 3007 toulo-

213 3036 258 3073 res.

381 2649 454 2725 cuit,
466 2649 554 2710 binas
568 2648 692 2729 singulis
707 2646 890 2708 consulibus.
914 2644 1300 2734 ¹1dpraecipueproviuciae
1311 2650 1421 2713 Mace·

381 2733 480 2797 doniae
494 2735 611 2809 datum,
625 2733 718 2815 quod,
731 2753 822 2814 quum
839 2731 960 2793 alterius
972 2737 1103 2797 consulis
1116 2738 1283 2819 legionibus
1304 2741 1317 2777 ²
1330 2738 1424 2819 quina

380 2820 624 2883 milliaetdneeai
637 2818 820 2899 equiteslex
828 2828 928 2879 vetere
940 2822 1079 2883 instituto
1091 2824 1233 2886 darentur
1245 2826 1275 2885 in
1285 2825 1419 2906 singulos

328 2891 349 2934 ⁸·
379 2904 526 2987 legiones,
552 2906 584 2966 iu
609 2903 825 2966 Macedoniam
850 2924 924 2965 sena
943 2907 1039 2968 millia
1058 2910 1193 2990 peditum
1213 2912 1302 2971 scribi
1314 2910 1401 2991 jusso
1411 2932 1423 2987 3

412 3002 605 3069 immam„
619 3003 693 3051 noer,
790 2999 1055 3053 remeationem.
1139 3005 1242 3067 *pedites
1250 3006 1387 3069 Doerllup.

411 3096 434 3133 ω
445 3094 549 3141 Consules
568 3128 595 3143 ..
608 3109 692 3154 pium
712 3126 719 3139 .
732 3126 739 3141 .
753 3127 760 3139 .
777 3091 883 3139 immolas·
918 3092 998 3155 ltaque
1007 3094 1045 3142 ille
1057 3094 1170 3143 existimat
1179 3094 1217 3142 hic
1225 3094 1356 3155 legendum,
1366 3110 1420 3155 pro-

378 3173 434 3220 teat,
461 3161 513 3206 inde
530 3156 713 3219 ....omiuau]
745 3156 885 3205 viderentur
911 3160 1053 3221 purgationem
1062 3162 1156 3219 imperii.

378 3225 428 3274 base
446 3224 522 3273 omnia
540 3234 625 3271 mutto
645 3223 778 3283 elegantius,
801 3234 826 3269 et
842 3237 884 3285 tp·
951 3220 998 3269 ¹ld
1018 3226 1125 3285 precipue
1142 3258 1149 3271 .
1167 3256 1174 3270 .
1191 3222 1295 3284 .dotnm]
1331 3222 1419 3271 Malle·

378 3291 425 3340 tius
446 3291 506 3337 inter
525 3302 550 3335 te
571 3287 717 3344 cohaerentis,
737 3287 756 3334 si
778 3287 840 3335 bane
859 3290 883 3334 ia
916 3300 968 3333 mus
979 3288 1004 3335 id
1011 3290 1122 3348 precipui.
1154 3288 1192 3335 Sic
1206 3287 1278 3334 infre:
1297 3286 1358 3334 libid
1368 3304 1421 3350 pno-

379 3358 472 3403 ramum
500 3354 673 3402 mdiaematur:
710 3352 813 3400 Consules
828 3385 834 3398 .
851 3385 884 3400 ..
916 3366 957 3411 que
980 3354 1115 3413 precipuum
1141 3353 1217 3401 metm
1236 3352 1290 3399 torti
1317 3351 1420 3400 Macedo-

408 3438 447 3467 saa
462 3422 523 3465 circo
543 3420 615 3465 onnia
624 3418 687 3482 foria
703 3450 750 3467 ...
769 3417 885 3479 mirioriiut
916 3418 965 3465 uia.

425 3486 453 3531 iit
480 3482 630 3541 mmmm,
654 3484 762 3542 ammitte
787 3485 820 3529 ito
847 3496 883 3528 rs·
948 3480 1053 3533 ²Quian
1074 3482 1146 3529 millia
1171 3491 1193 3531 st
1216 3484 1295 3529 daturi
1324 3478 1416 3543 equitet]

378 3546 619 3608 monumentique
636 3546 670 3593 rei
687 3562 752 3594 norre
769 3546 883 3609 incipere·
916 3544 977 3604 Lege
995 3546 1044 3592 sine
1063 3548 1108 3593 ulla
1122 3547 1262 3594 dubitatione
1282 3560 1334 3593 cnm
1354 3545 1420 3591 Peri·

378 3620 428 3668 tar,
445 3612 466 3658 id
489 3612 646 3659 mararensium
668 3626 733 3658 etse:
758 3611 884 3669 victoriam,
916 3611 997 3657 eonio:
1021 3614 1090 3672 pubis
1105 3614 1178 3659 millio
1193 3621 1216 3658 et
1236 3612 1314 3659 ‹lstoeai
1330 3611 1419 3671 pedites.

378 3676 529 3741 triumphuni,
544 3676 723 3739 propagationem
743 3677 792 3737 (eea
801 3676 882 3735 polias,
914 3674 970 3723 Hoc
982 3674 1043 3723 enim
1064 3687 1112 3723 erat
1132 3688 1198 3724 retus
1216 3674 1363 3723 institutum:
1380 3672 1419 3722 bit

377 3742 573 3806 propagationem)
584 3741 674 3804 imperii
689 3740 801 3803 ponendi.
829 3739 884 3787 lade
914 3740 977 3787 velut
991 3740 1090 3788 solennis
1100 3741 1144 3788 illie
1154 3740 1296 3805 temporibus
1312 3741 1415 3803 peditum

375 3822 449 3868 m
473 3822 523 3855 mas
550 3815 647 3867 aceeptus
672 3804 700 3850 ab
725 3805 768 3851 diis
792 3805 882 3851 immor··
914 3820 1024 3853 nutnenu
1039 3805 1062 3853 in
1078 3807 1175 3867 legione.
1207 3804 1416 3852 vienensem

377 3873 459 3920 utino
479 3873 569 3920 ominati
593 3868 720 3930 (coarsulcs)
739 3871 824 3915 murrii
840 3871 883 3915 n'ts
913 3870 930 3917 1.
950 3880 1003 3918 xur.
1021 3885 1042 3917 c.
1064 3875 1100 3919 ll.
1124 3870 1212 3918 lnriete
1233 3870 1329 3933 probant
1357 3867 1417 3916 banc

376 3937 535 3997 manfiestum,
564 3938 751 3996 ponebamque
776 3934 804 3981 de
829 3934 883 3981 bello
914 3934 1095 3983 emendationem
1117 3950 1143 3983 ea
1163 3950 1214 3997 quis
1241 3945 1367 3997 sequuntur
1388 3934 1418 3981 tle

374 3998 638 4051 foetamrenuueiantnt.
665 3996 882 4061 Patmffladjtus-
915 3998 1042 4063 equitibus:
1061 4002 1141 4062 equites
1160 4001 1240 4047 treceni
1258 3998 1371 4063 apulea
1391 4000 1418 4044 ist

376 4072 490 4118 tum‚eto.
914 4066 1010 4128 tingrriat
1031 4066 1122 4127 legimus
1144 4064 1207 4110 scribi
1219 4065 1295 4123 jriui:
1327 4064 1349 4109 iil
1373 4074 1418 4118 est,

409 4126 725 4190 fflPmrogatiaaonimpwii]
752 4126 881 4188 Psaragrrtio
913 4131 941 4177 de
957 4129 1060 4189 equitum
1079 4144 1175 4177 numero
1193 4129 1281 4175 nullum
1302 4126 1347 4176 luit
1368 4128 1416 4174 die-

376 4192 463 4252 impen‘i
480 4206 526 4237 raon
543 4190 635 4251 dicitur,
654 4205 680 4240 ut
697 4204 760 4241 recte
778 4192 880 4241 observat
912 4194 997 4241 trinua
1016 4193 1077 4242 inter
1094 4193 1194 4253 legiones
1215 4193 1372 4241 Macedonicas
1391 4200 1418 4239 st

377 4256 521 4320 Perizonius,
532 4254 650 4304 enim-av.
663 4258 780 4305 Hierone.
798 4258 821 4303 6.
836 4258 879 4305 niti
912 4274 951 4307 ees
970 4274 1021 4317 quta
1041 4258 1064 4305 in
1085 4258 1151 4305 ltalia
1172 4273 1264 4305 manere
1289 4258 1416 4305 dcbebent:

377 4335 447 4381 qurum
460 4319 536 4382 linqui
544 4335 596 4366 cum
607 4321 700 4382 irnperio
708 4324 731 4369 ia
742 4322 879 4387 provinciam
913 4323 1030 4385 equaliter
1060 4324 1083 4371 iu
1111 4338 1192 4371 omnes
1214 4323 1301 4389 treceni
1327 4322 1418 4385 equites

375 4384 582 4441 nieisummnno
592 4384 679 4447 imperii
696 4389 826 4443 ortisano,
842 4387 881 4450 jus
910 4388 995 4451 scripti.

375 4449 465 4517 imperii
486 4452 510 4498 in
529 4449 617 4512 longiiu
634 4460 724 4514 tempus
741 4454 879 4503 extenditur.
