3184 5225
401 327 457 387 roa
799 315 1011 375 marmur
1041 284 1045 291 ’

227 472 368 524 uuam
395 474 505 539 ‘Hinc
523 471 589 555 jam
618 490 691 549 non,
719 470 802 552 quod
829 470 944 533 sactum
973 480 1031 547 est,
1056 468 1234 531 deferuurus
1260 490 1339 548 sum,
1375 468 1453 551 (nou

227 539 260 587 A.
273 538 302 591 ⁰·
316 540 370 591 ¹⁶7·
398 562 500 625 ‘adeo
522 557 652 636 insanio)
682 556 736 617 sed
762 556 917 638 publicam
940 576 1079 617 caussam
1104 577 1125 617 a
1151 554 1337 637 privatorum
1361 557 1454 640 culpa

396 650 407 682 ‘
423 655 646 728 segregaturus.
680 640 774 704 Nulla
793 642 876 703 enim
900 653 947 703 est
967 641 1084 719 civitas,
1099 662 1165 721 quae
1179 662 1242 703 nou
1258 653 1290 704 et
1304 643 1455 725 inprobos

396 735 502 795 ‘cives
515 729 691 810 aliquando,
707 739 740 790 et
755 728 920 810 inperitam
936 728 1164 789 multitudinem
1184 749 1304 811 semper
1326 730 1455 793 babeat.

329 844 333 857 ·
396 818 524 881 ‘Etiam
552 815 632 897 apud
655 835 708 874 vos
733 814 825 875 fuisse
849 813 960 891 audivi,
983 814 1034 897 qui
1053 812 1246 877 adsentando
1261 814 1452 879 multitudini

303 902 306 908 ’
396 906 407 938 ‘
422 914 650 986 grassarentur:
674 912 706 961 et
722 900 879 961 secessisse
896 900 1059 980 aliquando
1071 900 1185 962 avobis
1196 901 1331 983 plebem,
1344 923 1401 964 nec
1417 904 1451 965 ia

396 992 408 1024 ‘
422 1000 574 1073 potestate
589 999 688 1048 vestra
704 986 922 1068 rempublicam
938 985 1040 1048 fuisse.
1064 983 1097 1047 Si
1110 987 1168 1048 hoc
1180 987 1211 1048 in
1222 987 1281 1049 bac
1293 1000 1358 1049 tam
1371 990 1450 1051 bene

396 1078 542 1139 ‘morata
556 1073 677 1135 civitate
693 1073 834 1134 accidere
849 1073 960 1154 potuit,
974 1072 1076 1133 mirari
1093 1073 1252 1153 quisquam
1267 1084 1381 1156 potest,
1392 1074 1450 1137 ali-

395 1165 406 1196 ‘
422 1184 497 1244 quos
513 1160 604 1222 luisse
620 1160 701 1239 apud
717 1180 783 1235 nos,
801 1159 863 1239 qui,
878 1158 958 1241 regis
973 1159 1141 1220 amicitiam
1155 1170 1305 1241 petentes,
1326 1162 1450 1243 plebem

396 1248 556 1311 ‘nostram
581 1246 714 1307 consiliis
740 1244 961 1327 depravarent?
990 1245 1042 1325 qui
1058 1257 1161 1307 tamen
1175 1246 1252 1307 nihil
1267 1246 1349 1308 ultra
1363 1248 1450 1311 valu-

395 1330 520 1411 ‘e'runt,
541 1352 631 1413 quam
655 1343 689 1393 ut
713 1331 744 1392 in
771 1332 873 1393 officio
897 1351 1092 1393 cessaremus.
1135 1328 1207 1392 Non
1229 1333 1390 1415 preteribo
1405 1335 1451 1413 id,

394 1420 503 1501 ‘quod
518 1418 728 1500 gravissimum
744 1429 791 1480 est
806 1418 838 1478 in
852 1418 913 1479 hoc
930 1418 1010 1478 bello
1031 1418 1146 1479 crimen
1172 1418 1304 1480 civitatis
1328 1432 1450 1483 nostrae.

395 1504 555 1587 ‘Legatos
579 1504 689 1565 eodem
714 1514 854 1585 tempore
879 1514 910 1565 et
935 1503 974 1564 ad
997 1525 1062 1580 vos,
1084 1517 1116 1565 et
1136 1503 1175 1565 ad
1193 1500 1302 1566 Persea
1317 1505 1356 1567 de
1372 1528 1450 1588 pace

395 1594 406 1626 ‘
421 1592 577 1655 misimus:
601 1590 682 1672 quod
698 1589 806 1651 infelix
821 1589 979 1651 consilium
996 1588 1125 1651 furiosus
1144 1587 1192 1668 (ut
1206 1602 1315 1673 postea
1329 1594 1447 1655 audivi·

395 1680 406 1712 ‘
421 1678 501 1759 mus)
530 1688 631 1739 orator
651 1676 865 1738 stultissimum
880 1676 971 1738 fecit:
995 1695 1085 1756 quem
1101 1676 1145 1738 sic
1161 1676 1299 1739 locutum
1313 1690 1451 1757 constat,

395 1767 406 1799 ‘
422 1777 578 1846 tamquam
595 1761 633 1824 C:
643 1762 787 1846 Popillius
803 1764 920 1844 legatus
935 1760 1101 1840 Romanus,
1112 1782 1202 1842 quern
1212 1762 1252 1824 ad
1263 1766 1450 1827 submoven-

329 1912 332 1919 ,
394 1853 407 1885 ‘
423 1852 479 1913 dos
495 1850 608 1913 abello
621 1849 813 1913 Antiochum
828 1864 861 1911 et
875 1847 1071 1909 Ptolemaeum
1086 1869 1171 1929 reges
1182 1848 1315 1927 misistis,
1339 1851 1449 1934 loque·

396 1941 406 1973 ‘
421 1950 512 2000 retur.
551 1936 613 1997 Sed
628 1949 732 1999 tamen
749 1958 796 2014 ea,
811 1936 873 1997 sive
887 1935 1028 2017 superbia
1042 1935 1103 1995 siue
1118 1934 1245 1997 stultitia
1259 1935 1449 2017 adpellauda

396 2026 479 2102 ‘est‚
495 2023 613 2101 eadem,
638 2043 702 2103 qum
718 2023 799 2105 apud
812 2044 875 2100 vos,
900 2032 930 2082 et
946 2022 1025 2103 apud
1043 2019 1150 2106 Persea
1163 2019 1230 2083 fuit.
1272 2018 1351 2083 Tam
1367 2022 1449 2083 civi·

396 2111 407 2145 ‘
422 2111 542 2187 tatium,
553 2130 644 2189 quam
658 2109 844 2191 singulorum
857 2108 1016 2169 hominurn
1027 2129 1125 2169 mores
1139 2119 1228 2169 sunt:
1243 2120 1353 2189 gentes
1365 2129 1448 2189 quo·

396 2198 409 2263 ξ
423 2217 481 2278 que
496 2196 561 2256 aliae
573 2195 734 2272 iracundae,
747 2195 813 2257 aliae
824 2194 965 2273 audaces,
975 2194 1110 2275 quaedam
1125 2193 1257 2256 timidae:
1279 2194 1313 2255 iu
1328 2194 1448 2272 vinum,

397 2282 454 2343 ‘in
477 2280 629 2343 Venerem
652 2282 810 2365 proniores
835 2282 900 2342 aliae
923 2291 1003 2341 sunt.
1047 2280 1280 2341 Atheniensium
1295 2280 1446 2362 populum

396 2369 408 2401 ‘
424 2368 507 2429 farna
521 2378 567 2429 est
582 2368 712 2429 celerem
728 2378 760 2428 et
774 2388 866 2450 supra
878 2367 956 2428 vires
967 2367 1116 2428 audacem
1127 2386 1191 2427 esse
1202 2364 1243 2426 ad
1254 2367 1447 2429 conandum:

398 2452 723 2514 ‘Lacedaemoniorum
739 2464 961 2530 cunctatorem,
983 2464 1016 2515 et
1039 2452 1091 2513 vix
1114 2453 1145 2513 in
1170 2470 1218 2529 ea,
1244 2452 1352 2534 quibus
1367 2452 1449 2531 fidit,

397 2538 654 2620 ‘ingredientem
698 2536 769 2599 Non
797 2539 981 2620 negaverim,
1007 2551 1039 2599 et
1064 2549 1163 2600 totam
1185 2536 1265 2599 Asiae
1289 2540 1446 2622 regionem

397 2627 407 2658 ‘
422 2624 561 2685 inaniora
576 2643 681 2704 parcre
696 2624 830 2706 ingenia,
839 2637 871 2686 et
882 2637 1053 2686 nostrorum
1064 2625 1257 2687 tumidiorem
1272 2647 1444 2689 sermonem

396 2709 408 2743 ‘
423 2729 498 2786 esse,
522 2709 605 2788 qttod
620 2709 769 2772 excellere
785 2711 865 2771 inter
879 2709 1024 2772 finitimas
1043 2711 1181 2772 civitates
1199 2711 1356 2774 videamur
1366 2736 1377 2790 3
1409 2724 1444 2775 et

396 2799 407 2829 ‘
422 2796 454 2856 id
467 2795 565 2876 ipsum
581 2815 642 2855 non
659 2806 722 2856 tam
736 2795 850 2856 viribus
864 2796 985 2874 nostris,
997 2816 1088 2876 quam
1103 2797 1209 2857 vestris
1224 2796 1388 2859 honoribus
1404 2819 1444 2860 ac

395 2879 553 2962 ‘judiciis
598 2877 679 2942 Satis
705 2881 829 2962 quidem
853 2893 885 2942 ct
909 2895 981 2944 tunc
1003 2883 1035 2942 iu
1050 2883 1211 2964 praesentia
1224 2884 1373 2965 castigata
1387 2883 1443 2946 illa

394 2967 533 3048 ‘legatio
548 2979 625 3044 erat,
648 2987 717 3028 cum
733 2980 797 3030 tam
814 2968 894 3029 tristi
909 2989 1053 3050 responso
1066 2980 1167 3030 vestro
1182 2969 1313 3030 dimissa.
1331 2970 1356 3030 si
1372 2980 1441 3032 tum

393 3055 404 3087 ‘
420 3074 527 3136 purum
543 3053 716 3134 ignominia
732 3074 858 3135 pensum
874 3065 931 3131 est,
953 3055 1017 3116 haec
1032 3066 1115 3116 certe
1130 3066 1195 3116 tam
1211 3055 1389 3117 miserabilis
1404 3077 1444 3117 ac

393 3141 404 3173 ‘
419 3139 547 3223 supplex
563 3140 675 3222 legatio
690 3140 784 3202 etiam
801 3140 1014 3217 insolentioris,
1025 3161 1115 3221 quam
1131 3141 1184 3203 illa
1199 3141 1265 3218 fuit,
1278 3141 1445 3224 legationis

393 3228 404 3260 ‘
419 3227 494 3288 satis
509 3247 654 3308 magnum
670 3225 825 3308 piaculum
839 3239 930 3288 esset.
963 3223 1155 3310 superbiam,
1177 3228 1335 3288 verborum
1363 3249 1441 3312 prae-

393 3315 403 3346 ‘
418 3314 534 3391 sertim,
556 3313 692 3374 iracundi
708 3315 848 3391 oderunt,
875 3311 1038 3396 prudentes
1053 3313 1186 3376 inrident
1195 3335 1206 3391 3
1230 3313 1335 3394 utique
1349 3315 1375 3375 si
1391 3314 1442 3376 ia·

392 3399 536 3460 ‘ferioris
560 3391 700 3462 aduersus
726 3399 912 3483 superiorem
927 3411 992 3462 est:
1017 3400 1140 3481 capitali
1156 3420 1248 3482 poena
1264 3419 1356 3462 nemo
1371 3421 1441 3462 um·

390 3487 510 3565 ‘quam
531 3486 653 3567 dignam
674 3483 833 3567 judicavit.
876 3483 912 3548 ld
937 3487 1091 3548 enimvero
1115 3485 1281 3568 perieulum
1302 3497 1380 3564 erat,
1400 3507 1442 3548 ne

364 3631 365 3634 ,
391 3571 403 3606 ⁶
419 3569 573 3633 Romanos
589 3571 702 3634 Rhodii
717 3582 960 3634 contemnerent.
1002 3571 1104 3633 Etiam
1121 3571 1205 3633 Deos
1226 3571 1321 3653 aliqui
1342 3571 1440 3634 verbis

391 3658 613 3720 ‘ferocioribus
628 3659 794 3741 increpant,
811 3679 868 3720 nee
881 3659 921 3719 ob
937 3658 969 3720 id
989 3679 1170 3742 quemquam
1193 3656 1320 3722 fulmine
1344 3659 1439 3722 ictum

390 3743 573 3807 ‘audimus'

420 3829 1437 3915 XXlVfQuidigitursuperat,quodpurgemus,sineclactumhoa-

390 3916 1442 3999 ‘tileullumnostrumest,etverbatumidioralegatioblensionemau·

391 4002 498 4081 ‘rium,
508 4004 742 4087 nonpemiciem
749 4002 892 4081 civitatis,
901 4005 1091 4066 meruerunt?
1107 4007 1134 4043 ⁰⁹
1144 4001 1443 4066 Voluntatisnostrae

390 4088 510 4150 ‘tacitae
521 4092 603 4154 velut
614 4091 698 4152 litem
710 4090 851 4152 aestimari
860 4091 967 4152 vestris
979 4092 1120 4152 intervos
1131 4091 1320 4152 sermonibus
1330 4089 1439 4168 audio,

419 4203 441 4239 Ψ
459 4201 663 4254 Voluntatianortre
671 4203 747 4271 tacite]
763 4205 893 4270 Amplecti·
923 4206 992 4254 tacita
1001 4205 1113 4254 voluntas.
1129 4205 1181 4254 Nec
1189 4220 1255 4254 musa
1264 4215 1436 4261 emmaum

387 4282 441 4315 mur
447 4268 496 4314 siue
504 4269 698 4320 ulladubitrtlone
706 4272 891 4320 emendationem
922 4271 1027 4320 observat
1040 4269 1180 4328 Perizonius,
1188 4269 1329 4318 aenatoribus
1346 4269 1436 4317 Roma·

386 4330 514 4380 Periroaii:
527 4335 891 4384 wluntatiracrtraetacitoe.llbo-
922 4337 967 4392 nis,
981 4351 1023 4383 cur
1032 4336 1102 4384 tacita
1112 4336 1257 4385 mererent
1279 4351 1308 4383 ea
1330 4352 1383 4398 qu·
1405 4335 1437 4383 dc

386 4398 418 4446 dii
429 4397 496 4446 niodo
506 4399 655 4462 probamrunt
663 4401 751 4449 nullum
762 4417 831 4450 suum
840 4402 888 4450 tre·
921 4402 1021 4450 Rhodiis
1031 4401 1166 4448 manahat.
1197 4398 1320 4448 Voluntctu
1328 4402 1437 4448 actim

386 4477 435 4518 tum
451 4463 535 4512 hostile
554 4477 622 4520 essu
646 4465 705 4513 dicta
724 4467 831 4529 superba,
849 4467 890 4515 sed
922 4467 983 4514 litere
992 4478 1028 4514 est
1041 4466 1171 4529 expendere
1181 4480 1250 4528 quam
1261 4465 1437 4532 mulctampoe·

385 4528 559 4598 contemperata.
601 4527 709 4595 Superest
734 4531 890 4597 espleadeadr
920 4529 1325 4584 manvuunruartraeresmr.
