3184 5225
347 1052 615 1203 smsoms
643 1114 810 1201 mous
835 1112 1001 1199 xuvs.

192 1858 407 1919 EUMENL'S
424 1878 476 1919 res
499 1858 621 1921 Romam
635 1862 735 1920 venit:
756 1862 819 1941 qui,
833 1862 904 1941 quia
919 1861 1110 1923 Macedonico
1124 1862 1199 1923 dello

150 1940 277 1996 medium
297 1948 410 2016 eperat,
432 1958 468 1997 ne
491 1947 546 1997 aut
567 1936 659 1998 hostis
673 1940 832 2016 judicatus
848 1942 1011 2011 uideretur,
1026 1944 1053 2000 si
1065 1942 1201 2001 exclusus

152 2026 236 2087 esset,
251 2026 306 2077 out
321 2016 464 2075 liberatus
481 2018 611 2085 crimine,
633 2018 660 2074 si
681 2019 911 2083 admitteretur‚·
934 2020 966 2075 in
988 2038 1132 2077 commune
1154 2020 1202 2077 lea

152 2095 216 2153 lata
229 2104 286 2165 est,
300 2114 336 2153 ne
350 2096 399 2152 cui
412 2094 477 2169 repi
491 2092 614 2150 Romam
627 2094 726 2151 uenire
746 2096 859 2153 liceret.
905 2097 1049 2154 Claudius
1070 2098 1201 2155 Marcel·

150 2172 198 2231 lus
211 2172 315 2231 consul
326 2172 452 2250 Alpinos
470 2170 584 2243 Gallos,
603 2170 636 2229 0.
652 2169 803 2249 Sulpicius
825 2171 933 2231 Gallus
954 2174 1057 2233 consul
1076 2174 1203 2251 Lipares

149 2250 279 2328 subepit.
321 2249 430 2327 Lepati
444 2248 561 2308 Prusia
580 2249 659 2325 repis
673 2250 825 2328 conquesti
839 2258 907 2307 sunt
921 2252 957 2307 de
971 2251 1110 2322 Eumene,
1124 2254 1204 2331 quod

142 2330 222 2407 fines
236 2347 304 2389 suos
314 2327 532 2407 popularetur:
555 2328 762 2405 dixeruntque,
777 2345 842 2384 eum
855 2329 1038 2405 conspirasse
1056 2349 1120 2387 cum
1139 2332 1203 2388 An-

148 2406 247 2466 tiocho
261 2414 366 2467 contra
375 2405 517 2485 populum
531 2404 703 2465 Roruanum.
732 2403 865 2464 Societas
878 2425 942 2464 cum
957 2406 1085 2466 Rhodiis
1098 2410 1202 2487 depre-

149 2484 404 2561 cantibusjuncta
417 2492 470 2543 est.
494 2482 635 2543 Lustrum
647 2503 667 2541 a
681 2482 848 2543 censoribus
862 2485 1010 2542 conditum
1023 2494 1077 2544 est.
1109 2488 1204 2547 Conso

97 2613 103 2620 .
150 2573 219 2624 sunt
241 2564 353 2626 ciuium
372 2564 474 2643 sopita
489 2570 621 2622 trecenta
641 2562 750 2640 vipinti
771 2570 881 2642 septem
901 2563 998 2622 millia
1011 2566 1042 2622 ui
1063 2564 1120 2623 inti
1132 2567 1201 2625 duo.

151 2643 299 2722 Princeps
325 2649 445 2702 sensatus
468 2641 561 2701 lectus
582 2640 628 2700 M.
653 2641 795 2700 AEmilius
821 2641 960 2721 Lepidus.
1002 2645 1010 2676 ¹
1056 2643 1203 2705 talemaus

150 2723 284 2800 AEpypti
297 2741 360 2792 res,
372 2721 477 2800 pulsus
490 2738 579 2797 repno
596 2740 616 2778 a
629 2721 738 2778 minore
745 2721 864 2796 fratre,
878 2722 974 2780 missis
988 2723 1030 2779 ad
1042 2741 1106 2780 eum
1119 2723 1201 2800 lepa-

152 2803 203 2871 tis,
222 2801 350 2859 restitus
372 2807 426 2858 est.
474 2798 639 2858 Ariarathe
666 2799 859 2877 Cappadocia
882 2818 949 2876 repe
971 2809 1094 2873 mortuo,
1109 2803 1202 2878 filius

147 2879 213 2955 ejus
232 2877 414 2936 Ariarathes
432 2896 553 2954 repnum
573 2877 698 2956 accepit,
720 2885 750 2934 et
764 2878 927 2935 amicitiam
940 2899 1004 2936 cum
1014 2880 1125 2958 populo
1139 2880 1201 2940 Ro·

147 2977 234 3016 mano
244 2976 302 3036 per
322 2957 436 3033 lepatos
457 2958 621 3015 renouauit.
664 2955 724 3014 Res
743 2964 889 3034 praterea
910 2958 1053 3015 aduersus
1065 2959 1104 3015 Li
1125 2977 1203 3030 ures,

148 3044 179 3093 et
202 3036 316 3104 Corsos,
340 3043 370 3093 et
383 3034 551 3105 Lusitanos,
573 3034 658 3092 uario
673 3042 782 3093 euentu
795 3042 908 3110 pestus,
929 3042 959 3092 et
981 3043 1075 3095 motus
1095 2979 1202 3112 Syria,

148 3122 262 3172 mortuo
276 3112 433 3184 Antiocho,
454 3115 507 3192 qui
519 3112 624 3190 filium
636 3112 814 3171 Antiochum
824 3132 949 3191 puerum
961 3115 1117 3172 admodum
1130 3114 1203 3172 reli-

173 3200 266 3262 usrat,
286 3193 426 3251 continet.
467 3191 555 3251 Hune
567 3190 745 3249 Antiochum
755 3209 881 3268 puerum
901 3191 984 3248 'cum
999 3191 1091 3266 Lysia
1106 3200 1204 3249 tutore

185 3273 333 3338 emetrius,
356 3269 471 3328 Seleuci
480 3269 582 3346 filius,
596 3269 648 3348 qui
662 3268 761 3326 Roma
775 3267 856 3326 ohses
869 3269 990 3344 suerat,
1004 3275 1016 3307 ³
1030 3269 1116 3336 clam,
1131 3270 1205 3346 quia

147 3367 207 3407 non
221 3347 430 3407 dimittebatur
450 3368 470 3406 a
493 3348 644 3416 Romanis,
666 3347 816 3402 interemit
824 3367 835 3410 ,·
859 3345 964 3422 etipse
978 3347 1009 3401 in
1022 3365 1143 3422 repnurn
1156 3366 1204 3404 re·

147 3436 260 3516 cuprius.
305 3427 340 3484 L.
356 3425 480 3485 AEmilio
494 3425 616 3496 Paullo,
630 3425 682 3504 qui
697 3423 811 3482 Persen
823 3424 948 3492 uicerat,
969 3431 1093 3494 mortuo,
1117 3433 1205 3484 tanta

147 3523 214 3582 eJus
234 3505 417 3564 abstinentia
430 3504 511 3580 suit,
534 3513 579 3573 nt,
601 3521 689 3582 quum
710 3519 746 3559 es
767 3500 917 3579 Hispania
932 3508 962 3558 et
975 3519 1011 3558 es
1025 3501 1205 3564 Macedonia

146 3585 295 3644 imnensas
308 3601 377 3662 opes
390 3583 550 3654 retulisset,
561 3583 612 3640 oin·
626 3601 661 3639 es
671 3581 808 3638 auctione
821 3579 884 3655 ejus
897 3581 1048 3646 redactum
1061 3583 1112 3650 sit,
1126 3583 1205 3640 unde

146 3664 236 3722 uxori
249 3663 314 3739 ejus
327 3663 380 3720 dos
396 3661 568 3720 solueretur.
611 3659 775 3737 Pomptina
795 3659 923 3735 paludes
943 3678 964 3715 a
989 3658 1124 3716 Cornelio
1149 3659 1203 3717 Ce-

148 3740 238 3818 theyo
251 3740 380 3810 consule,
395 3741 443 3799 cui
456 3757 491 3798 ea
501 3739 658 3819 prouincia
672 3744 818 3808 euenerat,
830 3737 957 3808 siccata,
972 3755 1102 3816 sperque
1115 3756 1151 3794 en
1164 3739 1204 3798 iis

135 3819 261 3895 facins.
730 3849 735 3858 ·

185 4012 194 4044 ¹
210 4007 337 4061 Puram
345 4027 384 4062 ros
394 4009 497 4076 lema
506 4011 659 4076 pulonmgno
721 4011 734 4046 θ
746 4009 803 4058 Cum
811 4007 880 4074 Lysia
891 4008 973 4072 tutare]
991 4008 1087 4058 Addidit
1097 4007 1203 4071 Sinonia

144 4095 161 4124 o
190 4078 276 4126 mim
296 4075 387 4141 fratre]
414 4077 453 4126 Sic
475 4087 524 4128 tres
546 4075 658 4126 Gemuit
690 4091 770 4152 copem
791 4078 848 4137 p'us,
870 4092 940 4154 qoem
961 4075 1203 4154 deiods'rocepsrunt

142 4141 219 4190 MSS.
232 4153 257 4190 es
273 4141 412 4208 cumpinum.
446 4140 520 4205 Vulgo
531 4140 659 4192 Ptolem
689 4141 796 4192 editam
840 4141 887 4190 sa
908 4140 945 4189 ola
961 4139 1028 4189 incili
1050 4141 1200 4203 intellegunt:

144 4205 304 4272 Egpptiorum
313 4209 658 4286 m,nminopuftotreeregm
706 4222 807 4270 urumque
825 4208 938 4284 mapud
949 4207 1128 4284 Apameae
1143 4207 1203 4284 apud

140 4273 236 4399 mo
252 4272 348 4388 Ἑπτιέ
371 4341 473 4395 ridetur,
495 4288 659 4388 melaniae&
690 4271 1203 4394 hemetlsuzitiffeliliolubrilmdistlimn

142 4417 209 4450 Mt
226 4404 423 4471 dmbquati.
455 4401 573 4455 Vsusne
593 4403 660 4472 plue
752 4401 826 4460 Clam,
845 4405 953 4465 qulam
968 4401 1201 4456 dimittebaturallo-

138 4465 261 4527 nduodst.
691 4467 773 4535 molt]
789 4467 1007 4534 nmeffiueupu.
