3184 5225
512 376 588 435 am.
604 378 933 461 >amaena-xxm.
1208 388 1246 447 ss
1355 408 1359 415 ,

185 542 236 624 qni
252 540 292 602 de
318 538 484 619 quaestione
510 538 542 601 in
563 560 595 602 se
618 542 719 624 posita
739 553 878 604 senatum
899 543 1107 605 consuluisset.
1152 540 1235 605 Huic
1250 548 1390 606 U.c.5tu.‘

185 625 406 691 detrectationi
422 622 487 705 ejus
503 626 615 688 tribuni
632 628 739 709 plebis,
751 629 873 690 alterius
888 630 1051 711 rogationis
1067 630 1235 691 denuncia-
1247 616 1279 667 Δ·
1290 618 1321 670 ⁰·
1335 620 1404 669 ¹⁷2

184 715 282 790 tione,
292 713 509 773 obcurrerunt:
535 723 578 790 ut,
591 714 615 773 si
632 734 693 775 nore
709 724 780 776 ante
796 712 868 776 ldus
882 712 1068 777 Novembres
1080 716 1111 776 in
1125 717 1232 778 urbem

183 799 319 861 Romam
334 798 499 859 introisset.
524 797 563 858 de
582 799 706 861 absente
721 820 757 861 eo
773 797 810 861 C.
820 798 954 863 Licinius
970 813 1117 864 statueret
1131 823 1168 863 ac
1178 801 1231 883 ju·

184 886 313 947 dicaret.
357 882 427 945 Hoc
448 893 563 945 tractus
587 884 707 946 vincqu
721 905 814 965 quum
830 886 967 963 redisset,
987 889 1142 968 ⁷¹‚ingeuti
1161 908 1231 950 cum

183 971 299 1033 invidia
314 970 345 1030 in
361 980 499 1031 senatum
513 970 606 1031 venit.
652 968 696 1031 lbi
712 990 806 1051 quum
822 971 969 1033 laceratus
988 973 1097 1055 jurgiis
1120 975 1231 1036 multo·

183 1078 251 1118 nrm
267 1070 357 1132 esset,
373 1055 666 1117 senatusconsultum
682 1055 797 1118 iactum
813 1068 869 1135 est,
880 1069 925 1135 ut,
938 1060 988 1140 qui
1004 1058 1148 1140 Ligurum
1161 1072 1232 1144 post

183 1142 221 1212 Q.
238 1140 390 1220 Fulvium,
406 1140 440 1201 la
456 1139 607 1202 Manlium
623 1142 760 1203 consules
775 1143 879 1205 hostes
894 1164 956 1205 non
971 1144 1107 1222 luissent,
1122 1158 1157 1208 ut
1177 1168 1230 1208 eos

184 1227 220 1289 C.
236 1226 383 1304 Licinius,
405 1226 462 1287 Cn.
486 1224 617 1288 Sicinius
639 1239 782 1310 praetores
795 1230 825 1289 in
841 1229 1010 1291 libertatem
1027 1231 1230 1294 restituendos

184 1325 337 1390 curarent,
353 1332 518 1394 agrumque
533 1313 569 1374 iis
584 1325 667 1375 trans
682 1312 798 1375 Padum
814 1316 919 1377 consul
930 1314 967 1377 C.
979 1316 1123 1398 Popillius
1135 1317 1230 1379 daret.

182 1398 286 1461 Multa
300 1399 398 1460 millia
413 1399 570 1460 hominum
585 1400 643 1460 hoc
659 1401 919 1465 senatusconsulto
934 1402 1075 1465 restituta
1087 1403 1119 1463 in
1137 1403 1229 1464 liber·
1309 1413 1312 1419 '

183 1496 292 1562 tatem,
306 1484 568 1565 transductisque²
585 1484 698 1546 Padum
714 1506 788 1567 ager
800 1498 846 1547 est
856 1488 1041 1570 adsignatus.
1067 1487 1115 1549 M.
1127 1487 1229 1569 Popil-

184 1572 244 1633 lius
260 1572 417 1652 rogatione
432 1569 552 1631 Marcia
571 1571 617 1631 bis
640 1572 719 1653 apud
741 1571 777 1633 C.
799 1570 951 1650 Licinium
976 1595 1115 1635 caussam
1129 1575 1228 1636 dixit:

186 1658 278 1718 tertio
287 1668 404 1739 prator,
416 1656 516 1736 gratia
527 1656 659 1718 consulis
669 1657 801 1718 absentis
813 1671 846 1719 et
858 1658 991 1741 Popillia
1001 1660 1121 1721 familiae
1130 1660 1230 1743 preci-

187 1743 243 1804 bus
254 1744 363 1820 victus,
373 1740 477 1803 Idibus
490 1740 612 1803 Martiis
624 1742 731 1803 adesse
746 1762 830 1805 reum
841 1744 943 1824 jussit,
954 1767 1014 1826 quo
1026 1746 1076 1807 die
1085 1748 1154 1807 novi
1164 1766 1230 1807 ma-

188 1830 332 1909 gistratus
347 1829 451 1889 inituri
462 1839 554 1889 erant
574 1829 740 1905 honorem:
766 1849 804 1890 ne
825 1829 940 1892 diceret
954 1830 1015 1912 jus,
1031 1832 1081 1911 qui
1097 1832 1230 1913 privatus

188 1914 305 1976 futurus
319 1926 408 1975 esset.
437 1912 485 1975 lta
499 1914 616 1995 rogatio
631 1914 669 1975 de
684 1913 842 1996 Liguribus
857 1927 921 1977 arte
936 1914 1034 1977 fallaci
1050 1917 1135 1977 elusa
1150 1928 1207 1979 est.

228 1999 350 2061 XXlll.
373 1999 480 2081 Legati
494 1998 763 2080 Karthaginienses
775 2022 812 2061 eo
823 2000 959 2084 ternpore
969 2000 1075 2064 Romae
1090 2014 1186 2081 erant,
1197 2014 1231 2064 et

185 2083 316 2148 Gulussa
330 2085 408 2147 hlius
424 2084 612 2147 Masinissae:
646 2087 726 2147 inter
751 2107 803 2148 eos
825 2108 943 2169 magnae
966 2090 1178 2151 contentiones
1197 2090 1230 2149 in

185 2185 293 2235 senatu
305 2172 398 2233 inere.
422 2170 691 2253 Karthaginienses
701 2174 914 2253 querebantur,
925 2175 1051 2256 ‘praeter
1063 2194 1179 2255 agrum,
1191 2173 1229 2234 de
1242 2190 1282 2240 ns
1294 2193 1366 2243 Man.

185 2257 196 2289 ‘
211 2278 273 2340 quo
286 2270 358 2319 ante
374 2258 464 2339 legati
475 2258 513 2319 ab
524 2256 635 2335 Roma,
649 2261 675 2303 ⁷⁹
687 2259 736 2340 qui
753 2259 783 2318 in
799 2280 831 2319 re
846 2260 985 2341 praesenti
1000 2271 1229 2339 cognoscerent,
1241 2257 1304 2335 ¹¹³⁸!
1310 2260 1378 2338 ¹5⁸¹:

185 2343 299 2404 ‘missi
320 2356 429 2419 essent,
452 2344 578 2425 amplius
603 2344 797 2427 septuaginta
823 2345 937 2427 oppida
959 2345 1142 2426 castellaque
1164 2347 1228 2426 agri
1241 2324 1394 2437 {ssm'mss

185 2428 197 2461 ‘
215 2427 477 2509 Karthaginiensis
491 2430 613 2490 biennio
629 2430 770 2511 proximo
784 2428 980 2491 Masinissam
991 2430 1020 2491 vi
1032 2441 1123 2512 atque
1138 2432 1228 2493 armis
1241 2452 1265 2501 ia
1274 2404 1364 2504 ,iffi

184 2513 196 2547 ‘
213 2515 394 2595 possedisse.
422 2514 456 2575 ld
467 2514 519 2592 illi,
533 2519 560 2559 ⁷³
573 2516 621 2576 cui
635 2516 710 2576 nihil
726 2516 810 2598 pensi
826 2516 875 2593 sit,
891 2516 979 2578 facile
994 2538 1071 2578 esse.
1093 2516 1226 2579 Kartha-

184 2599 197 2634 ‘
211 2600 367 2682 ginienses
379 2600 488 2662 soedere
500 2600 641 2684 inligatos
657 2599 759 2664 silere.
789 2600 942 2664 Prohiberi
957 2604 1037 2664 euim
1054 2614 1140 2666 extra
1152 2604 1226 2666 fines

181 2687 193 2719 ‘
207 2687 315 2748 efferre
328 2709 422 2750 anna.
453 2687 645 2769 Quamquam
660 2689 768 2766 sciant,
782 2689 814 2750 in
825 2690 885 2750 auis
898 2689 1017 2766 linibus,
1031 2691 1056 2750 si
1072 2691 1143 2751 inde
1158 2690 1225 2753 Nu·

184 2773 195 2806 ‘
210 2774 308 2834 midas
324 2774 481 2855 pellerent,
496 2795 529 2835 se
543 2787 681 2856 gesturos
696 2775 809 2836 bellum
818 2796 829 2852 ;
852 2775 905 2836 illo
920 2775 1003 2836 haud
1017 2777 1159 2858 ambiguo
1174 2797 1228 2838 ea·

184 2859 196 2891 ‘
210 2859 272 2942 pite
282 2859 406 2922 foederis
421 2861 574 2937 deterreri,
585 2881 646 2941 quo
659 2861 771 2923 diserte
783 2873 921 2923 vetentur
932 2882 1001 2922 cum
1017 2862 1107 2924 sociis
1123 2863 1227 2962 populi

185 2945 196 2978 ‘
211 2943 343 3006 Romani
360 2945 469 3007 bellurn
482 2967 596 3027 gerere.
628 2944 690 3008 Sed
701 2945 767 3028 jam
785 2948 865 3008 ultra
879 2948 1050 3030 superbiam
1066 2949 1227 3010 erudelita-

183 3031 330 3112 ‘temque
346 3043 377 3092 et
398 3033 554 3094 avaritiam
582 3031 645 3112 ejus
668 3053 730 3094 non
752 3034 816 3115 pati
837 3049 926 3115 posse
948 3031 1228 3116 Karthaginienses.

186 3117 319 3178 ‘missos
346 3139 422 3195 esse,
447 3119 498 3198 qui
522 3130 643 3180 orarent
665 3130 815 3196 senatum,
840 3131 875 3180 ut
898 3119 990 3180 trium
1005 3121 1111 3181 harum
1127 3141 1228 3181 rerum

186 3202 197 3234 ‘
213 3221 304 3262 uuam
317 3205 354 3264 ab
369 3225 402 3264 se
418 3205 574 3286 impetrari
587 3205 739 3266 sinerent:
763 3219 797 3267 ut
808 3204 855 3266 vel
867 3225 905 3265 ex
916 3225 1000 3287 aequo
1015 3205 1094 3286 apud
1111 3206 1227 3266 socium

186 3288 199 3320 ‘
213 3289 367 3370 populum,
377 3291 449 3369 quid
460 3289 604 3372 cujusque
616 3304 705 3364 esset,
717 3291 937 3372 disceptarent:
959 3291 1005 3351 vel
1017 3290 1229 3371 permitterent

186 3374 199 3406 ‘
215 3369 529 3456 Karthaginiensibus,
544 3389 578 3437 ut
592 3374 733 3438 adversus
749 3374 862 3456 injusta
877 3396 961 3440 arma
975 3376 1027 3456 pio
1037 3373 1182 3457 justoque
1196 3395 1228 3435 se

185 3459 196 3492 ‘
212 3471 381 3523 tutarentur
391 3461 489 3522 hello:
513 3461 559 3522 vel
572 3462 610 3523 ad
620 3473 801 3538 extremum,
812 3461 837 3520 si
848 3461 948 3542 gratia
958 3461 1035 3543 plus,
1045 3481 1135 3542 quam
1150 3460 1228 3522 veri-

184 3545 196 3578 ‘
210 3557 267 3623 tas,
280 3548 361 3628 apud
373 3568 426 3608 eos
440 3548 564 3624 valeret,
579 3548 672 3610 semel
688 3558 867 3624 statuerent,
878 3547 951 3629 quid
960 3546 1105 3607 donatum
1118 3567 1156 3608 ex
1170 3547 1229 3607 ali·

183 3632 194 3664 ‘
209 3653 268 3694 eno
284 3631 454 3693 Masinissae
469 3634 590 3694 vellent.
622 3632 793 3695 Modestius
808 3647 890 3694 certe
905 3633 1028 3694 daturos
1043 3653 1106 3710 eos,
1121 3645 1153 3694 et
1167 3633 1228 3694 sci-

183 3718 303 3795 ‘turos,
324 3720 396 3800 quid
413 3719 589 3781 dedissent:
613 3720 712 3800 ipsum
728 3719 854 3796 nullum,
870 3730 1068 3800 praeterquam
1084 3739 1143 3779 suae
1159 3718 1228 3780 libi·

182 3803 288 3864 ‘dinis
305 3804 440 3882 arbitrio,
455 3805 547 3866 linem
563 3805 723 3868 factunrm.
754 3803 873 3868 Horum
888 3805 913 3865 si
929 3804 1005 3865 nihil
1021 3804 1228 3887 impetrarent,

585 3935 593 3964 ²
609 3939 755 4001 traductisque
765 3939 833 3987 Crer.

215 4040 238 4077 ⁷¹
258 4039 274 4066 ⁹
291 4037 437 4104 Ingentieum
447 4039 541 4107 inuidia]
557 4042 642 4103 Magna
653 4043 689 4090 in·
720 4054 744 4090 et
756 4042 956 4103 Cerriraqiuienses
976 4043 1136 4091 controversiis
1153 4059 1230 4104 agens,

180 4103 239 4159 ridi:
250 4118 366 4162 oneratus,
384 4105 465 4154 mirum
478 4107 501 4154 in
513 4108 605 4156 endum
616 4107 690 4155 omni·
719 4107 1196 4172 septam.e.17.etl.xxxrv.c.62.

179 4169 222 4218 bra
237 4169 331 4218 invisus.
752 4172 775 4209 ‘1³
793 4173 808 4200 *
822 4171 868 4218 Cui
875 4171 933 4219 nihil
940 4173 1001 4231 pensi
1010 4171 1049 4234 sit]
1067 4171 1114 4220 aar
1131 4187 1172 4235 pro
1191 4189 1227 4220 ar·

213 4233 237 4271 ²2
253 4234 300 4288 Qui
310 4238 334 4282 in
349 4251 374 4282 r:
389 4235 500 4302 manati]
515 4235 606 4301 Adjecit
626 4237 690 4299 Sigo-
720 4237 786 4284 bitrio
797 4253 824 4283 ac
835 4235 927 4283 libidine
944 4236 1020 4283 omnia
1037 4249 1096 4296 egat,
1110 4237 1169 4285 nihil
1184 4253 1226 4285 ex-

181 4299 232 4346 nias
242 4299 376 4362 parricidam
388 4301 420 4356 in,
430 4316 482 4362 quae
496 4302 621 4350 necessaria
630 4313 688 4350 erat.
719 4305 829 4366 pendens,
838 4301 923 4347 nullius
933 4313 972 4346 aut
983 4300 1084 4360 legisset
1092 4300 1150 4364 juri:
1158 4302 1228 4348 ratio·

181 4363 287 4412 llaeeest
306 4366 368 4412 enim
389 4366 453 4427 quasi
470 4366 569 4415 solennis
584 4369 686 4429 quaedam
719 4381 774 4416 nem
792 4364 887 4411 habens.
918 4365 989 4427 Supra
1006 4378 1080 4413 xxvi.
1093 4368 1130 4415 15.
1163 4365 1230 4418 Quen

179 4427 288 4489 loquendi
304 4431 388 4485 forma,
409 4445 454 4491 qua
472 4447 527 4478 usus
546 4447 635 4494 qnoque
654 4443 688 4480 est
720 4430 1047 4493 :nequequidjiroerenhnque
1061 4430 1229 4491 quiddicereut·

179 4491 257 4542 Unus
266 4493 310 4556 bis,
320 4495 348 4543 de
360 4496 398 4543 his
408 4494 462 4558 ipsis
473 4495 533 4546 inter
543 4497 688 4546 Masinissam
720 4497 838 4560 quidquam
848 4508 943 4558 aequm
951 4494 1100 4558 pemisaistet.
