3184 5225
410 364 474 419 roo
801 372 805 381 =
838 350 923 411 mm
942 348 1043 425 snm

239 522 380 578 uuest.
407 513 513 588 ‘runt
528 530 590 571 non
604 506 755 589 gravabor
769 504 895 569 reddere
916 504 1016 565 dilata
1037 524 1146 586 pugna
1168 503 1331 567 rationem.
1373 502 1457 569 Nam

239 589 272 640 Α
285 588 315 639 ⁰·
328 590 383 641 ¹⁶⁸·
407 602 419 635 ‘
434 611 556 661 tanturn
565 596 662 669 abest,
672 606 707 654 ut
717 612 766 654 me
777 592 926 653 hesternae
935 590 1044 672 quietis
1054 590 1214 673 poeniteat,
1227 604 1262 653 ut
1273 602 1424 654 servatum
1442 614 1463 655 a

405 686 418 719 ‘
433 706 482 747 me
494 682 663 745 exercitum
674 700 714 741 eo
722 678 852 739 consilio
864 676 997 739 credam.
1007 678 1039 739 in
1050 698 1110 758 qua
1122 697 1172 739 me
1183 678 1330 759 opinione
1339 699 1405 741 esse
1416 699 1456 741 ne

406 772 417 805 ‘
431 770 498 850 quis
510 769 575 830 sine
587 764 950 842 causasvestrllmcredut,
956 775 1167 845 recognoscat,
1173 764 1454 845 agedummecum,

404 858 417 890 ‘
432 854 595 931 sividetur,
605 872 696 933 quam
704 852 801 914 multa
810 872 864 933 pro
874 850 962 911 hoste
972 862 1003 910 et
1012 849 1153 911 adversus
1165 870 1222 912 nos
1234 849 1357 913 fuerint
1371 850 1453 914 *Jam

405 942 417 975 ‘
431 941 568 1003 omnium
581 940 723 1022 primurn,
738 942 763 977 ¹⁵
776 948 924 1019 quantum
936 956 1063 998 numero
1070 956 1127 997 nos
1136 948 1291 1019 prestent,
1301 938 1455 1000 neminem

405 1028 417 1061 ‘
430 1029 566 1089 vestrum
575 1047 631 1087 nec
643 1037 715 1087 ante
725 1024 929 1104 ignorasse‚et
935 1024 1076 1085 hesterno
1087 1023 1136 1085 die
1150 1025 1174 1063 ¹⁶
1183 1022 1360 1105 inplicatam
1372 1025 1457 1087 intu-

395 1116 418 1175 .‘
431 1128 518 1176 entes
538 1112 637 1175 aciem
657 1110 915 1186 animadvertisse,
935 1120 1052 1171 certum
1068 1109 1179 1171 habeo.
1216 1106 1264 1171 Ex
1277 1110 1332 1172 hac
1344 1122 1454 1173 nostra

404 1202 416 1233 ‘
432 1200 586 1283 paucitate
597 1210 705 1281 quarta
719 1218 788 1280 pars
804 1196 934 1258 militum
956 1195 1096 1277 presidio
1111 1196 1326 1279 inpedimentis
1341 1197 1451 1259 relicta

397 1286 416 1357 :‘
430 1297 516 1348 erat:
533 1306 589 1347 nec
606 1284 832 1366 ignavissimum
844 1302 995 1363 quemque
1005 1282 1135 1364 relinqui
1147 1282 1187 1343 ad
1202 1282 1369 1345 custodiam
1384 1300 1451 1345 sar-

404 1373 568 1435 ‘ciuarum
584 1371 679 1433 scitis.
715 1368 776 1431 Sed
802 1370 946 1430 fuerimus
966 1389 1081 1430 omnes.
1108 1390 1234 1449 parvum
1250 1369 1309 1431 hoc
1325 1368 1453 1431 tandem

403 1460 416 1493 ‘
431 1480 497 1520 esse
512 1458 675 1536 credimus,
686 1457 769 1538 qood
783 1476 822 1517 ex
835 1455 881 1516 his
895 1455 1012 1532 castris,
1025 1455 1176 1536 inquibus
1188 1456 1453 1518 hocnoctemau·

404 1546 536 1623 ‘simus,
552 1544 661 1607 exituri
676 1544 708 1605 in
725 1543 822 1604 aciem
833 1542 983 1604 hodierno
999 1553 1053 1605 aut
1074 1562 1226 1604 summum
1242 1542 1375 1604 erastino
1389 1541 1453 1621 die,

403 1632 415 1665 ‘
429 1631 454 1693 si
470 1632 514 1693 ita
527 1631 687 1707 videbitur,
699 1628 766 1691 Diis
777 1630 854 1690 bene
866 1627 1052 1709 juvantibus,
1064 1650 1167 1690 sumus
1180 1628 1190 1690 l
1216 1627 1342 1691 Nihilne
1354 1628 1450 1690 inter·

339 1754 347 1767 ι
403 1718 415 1751 ‘
429 1730 594 1794 est,utrum
604 1716 744 1793 militem,
754 1735 844 1796 quem
856 1735 955 1796 neque
965 1714 1019 1777 viae
1028 1715 1113 1777 labor
1124 1714 1226 1793 hodie,
1239 1735 1337 1796 neque
1348 1716 1449 1796 operis

403 1804 415 1837 ‘
429 1804 613 1885 fatigaverit,
629 1804 809 1883 requietum,
822 1802 973 1882 integrum
985 1801 1016 1862 in
1029 1802 1161 1864 tentorio
1172 1822 1227 1863 suo
1242 1822 1328 1863 arma
1339 1822 1450 1883 cepere

403 1890 415 1923 ‘
424 1888 545 1972 jubeas,
560 1901 650 1972 atque
663 1892 687 1935 ¹7
701 1889 732 1950 iu
748 1889 845 1949 aciem
856 1888 980 1970 plenum
992 1887 1112 1965 virium,
1121 1888 1274 1969 vigentem
1287 1900 1452 1971 etcorpore

403 1978 414 2009 ‘
428 1988 461 2037 et
470 1978 573 2039 animo
582 1975 711 2037 educas?
727 1995 765 2035 an
775 1974 869 2054 longo
881 1974 990 2037 itinere
1002 1974 1175 2055 fatigatum,
1181 1985 1214 2037 et
1221 1995 1316 2037 onere
1326 1974 1451 2052 fessum,

402 2062 414 2095 ‘
430 2063 603 2125 madentem
615 2063 737 2136 sudore,
746 2060 953 2121 llardentibus
965 2060 1015 2121 siti
1028 2059 1237 2137 faucibus,ore
1249 2070 1340 2141 atque
1353 2060 1449 2123 oculis

402 2149 415 2181 ‘
429 2148 553 2229 repletis
566 2149 701 2230 pulvere,
716 2150 742 2187 ¹⁹
755 2158 919 2209 torrentem
931 2158 945 2196 ¹1
961 2146 1128 2209 meridiano
1144 2146 1219 2224 sole,
1232 2146 1313 2211 hosti
1325 2146 1452 2228 objicias

402 2236 414 2267 ‘
430 2234 713 2315 recenti‚²⁰quieto,
723 2234 773 2314 qui
783 2233 908 2294 nullare
918 2233 1301 2295 anteconsumtasviresad
1311 2234 1451 2316 proelium

403 2320 570 2383 ‘adferatl
595 2321 681 2398 Quis,
696 2341 752 2402 pro
763 2318 869 2381 Derim
887 2318 978 2381 fidcm
993 2316 1001 2380 !
1027 2320 1072 2381 ita
1086 2332 1293 2401 comparatus,
1306 2320 1352 2382 vel
1368 2320 1449 2381 iners

402 2407 414 2440 ‘
430 2418 521 2488 atque
536 2406 666 2478 inbellis,
682 2406 880 2468 fortissimum
895 2406 991 2467 virum
1007 2425 1069 2467 non
1086 2405 1211 2467 uicerit?
1247 2406 1349 2478 Quid?
1367 2406 1450 2487 quod

403 2493 416 2525 ‘
431 2494 535 2555 bostes
550 2513 604 2575 per
616 2512 769 2554 summum
784 2494 881 2553 otium
895 2492 1100 2556 instruxerant
1114 2492 1223 2571 aciem,
1240 2504 1450 2576 reparaverant

402 2577 560 2656 ‘animos,
582 2580 707 2641 stabant
732 2579 895 2662 compositi
919 2580 981 2643 suis
1007 2580 1133 2663 quisque
1157 2579 1337 2644 ordinibus?
1359 2578 1448 2642 nobis

402 2666 414 2699 ‘
429 2678 502 2728 tunc
512 2677 637 2748 repente
651 2665 863 2747 trepidandum
879 2666 910 2728 in
926 2667 992 2728 acie
1008 2666 1186 2729 instruenda
1201 2679 1276 2748 erat,
1288 2679 1320 2732 et
1328 2668 1448 2730 incom-

402 2751 415 2784 ⁶
429 2752 535 2833 positis
551 2750 829 2814 concurrendum?

444 2836 594 2902 XXXIX.
610 2839 657 2877 ‘¹¹
670 2837 723 2914 At,
736 2836 880 2917 Hercule,
893 2839 990 2902 aciem
1002 2840 1125 2922 quidem
1135 2839 1323 2902 inconditem
1331 2839 1450 2902 inordi-

401 2924 414 2958 ‘
428 2935 592 3007 natamque
600 2926 825 2986 habuissemus:
838 2937 939 2988 costra
948 2928 1077 3004 munite,
1084 2927 1233 3009 provisam
1240 2926 1450 3006 aquationem,

401 3013 413 3044 ‘
429 3023 529 3073 tutum
541 3013 660 3074 adeam
672 3012 730 3073 iter
741 3011 886 3093 praesidiis
900 3013 1050 3095 inpositis,
1062 3014 1219 3096 explorata
1233 3011 1312 3073 circa
1322 3011 1450 3087 omnia;

401 3099 413 3131 ‘
426 3119 467 3159 an
479 3099 554 3160 nihil
568 3099 663 3163 nostri
682 3099 829 3160 habentes
841 3112 948 3182 prater
957 3101 1072 3162 nudum
1083 3120 1235 3182 campum,
1247 3100 1278 3159 iu
1293 3117 1353 3180 quo
1366 3119 1447 3180 pug-

400 3185 414 3218 ‘
429 3183 1235 3270 naremus?blajoresuestricestramuniteportumad
1245 3205 1449 3248 omnescasue

823 3308 835 3343 ‘¹
846 3308 943 3350 terrente
953 3299 1028 3352 Doet.

436 3399 456 3431 ¹⁵
468 3396 582 3451 Qusntuur
592 3415 725 3448 srasneronss
733 3397 843 3468 present]
856 3398 909 3447 l‘er·
942 3400 1046 3466 europus
1062 3403 1127 3464 ripas.
1160 3403 1222 3452 Nrrn
1233 3403 1265 3453 ibi
1280 3403 1382 3465 Servius,
1394 3403 1449 3456 AEn.

399 3478 542 3574 ammaum
555 3463 573 3512 l.
589 3477 661 3575 :rdsrn
671 3481 692 3577 ct.
706 3466 758 3593 5Ρ1ἐά
760 3465 909 3577 dicdllff'll't·
940 3464 1042 3578 lippae.
1055 3467 1107 3516 1⁰5.
1118 3475 1222 3517 tenentes
1235 3470 1398 3534 interpretetur
1408 3489 1448 3519 rr·

618 3546 641 3577 re
656 3546 704 3576 sne
759 3547 794 3576 ru
831 3547 861 3578 nn
881 3550 886 3576 r
1018 3566 1023 3578 .

399 3603 498 3655 quatuor
507 3544 619 3654 eqdildm.
641 3545 747 3642 gconsuli
765 3611 793 3643 ex
812 3547 910 3657 legioni-²
972 3593 1096 3656 vuarno]
1122 3598 1252 3648 Gronovius
1271 3603 1386 3650 existimat
1407 3601 1447 3650 hic

399 3658 442 3705 bus
460 3655 570 3705 Romanis
587 3671 610 3707 et
629 3661 733 3708 exercitu
747 3661 824 3707 sociali
843 3672 908 3708 erent
940 3675 1031 3723 quoque
1050 3661 1163 3724 scripsisse
1174 3665 1263 3713 Livium
1275 3671 1377 3730 murino.
1405 3667 1449 3715 Est

397 3722 568 3784 duodetriginta
586 3725 655 3771 millia
676 3726 787 3788 peditum,
803 3727 907 3789 equitum
939 3727 1011 3782 enim,
1028 3727 1111 3790 inquit,
1129 3727 1191 3777 aliud
1213 3733 1307 3793 φιίειιιι,
1326 3731 1388 3779 eliud
1409 3747 1446 3780 re·

398 3788 456 3844 duo,
468 3802 495 3836 ur
505 3789 619 3849 colligitur
628 3806 657 3836 er
669 3793 738 3838 c.3l.
749 3789 766 3837 1.
776 3804 842 3839 xsss.
854 3804 879 3839 et
887 3807 907 3840 e.
939 3794 1032 3854 purus.
1048 3793 1084 3841 Ad
1096 3793 1152 3840 illud
1161 3794 1246 3844 suffieit
1255 3811 1356 3860 presens
1366 3798 1445 3859 quies:

398 3853 590 3918 21.an‘uslilsri.
623 3854 680 3902 Huc
690 3855 747 3901 adde
763 3869 811 3902 non
829 3871 908 3917 megne
939 3858 984 3904 boc
994 3858 1448 3926 competitilliequisliqsumdinqoiete

397 3932 452 3964 sane
467 3920 536 3967 detali
547 3931 572 3967 et
584 3919 613 3967 Μ
615 3920 709 3980 ἰιιςειιὶι
719 3921 809 3968 auxilie.
938 3922 973 3970 uei
983 3934 1046 3972 sunt.

433 3981 453 4014 ¹⁶
465 3981 602 4045 lmpdeatenr
617 3987 725 4034 intuentes
735 3983 814 4051 oriem]
832 3985 906 4036 Recte
968 3987 991 4021 *Ν
1007 3989 1038 4035 Ar
1058 3988 1145 4038 leram
1166 3989 1245 4052 arem]
1292 3990 1381 4054 Objicit
1402 3991 1446 4041 sibi

396 4048 504 4094 emendat
514 4050 644 4100 Gronovius
653 4053 789 4113 erpdeston.
938 4051 1061 4103 AEmilius:
1092 4055 1125 4102 Ar
1146 4056 1239 4104 hercule
1258 4056 1333 4104 eciem
1353 4057 1446 4118 quidem

414 4109 745 4186 ‘¹ilssetesa....edueue]
787 4116 906 4167 correctio
938 4119 1087 4168 inordinatam
1110 4131 1178 4184 etque
1202 4121 1373 4186 incompositam
1400 4124 1446 4168 bs·

396 4173 492 4234 sigonii.
508 4179 685 4230 Antoniusne.
938 4183 1074 4242 buissemus,
1083 4186 1122 4233 sed
1134 4198 1212 4235 cetere
1222 4189 1310 4248 egregie
1319 4197 1405 4250 pente,
1420 4185 1449 4233 id

432 4240 452 4316 ’ξ
463 4241 594 4291 Ardeatibus
612 4246 776 4312 sitisuueibus]
796 4247 858 4298 Vide
876 4265 906 4299 en
937 4262 983 4312 est,
1002 4261 1074 4298 cestre
1094 4253 1191 4314 munite,
1210 4252 1321 4316 provisam
1339 4251 1449 4313 equulo-

397 4304 588 4356 munandans
937 4331 991 4364 nem
1005 4349 1012 4365 .
1026 4349 1032 4362 .
1044 4347 1052 4362 .
1065 4315 1128 4364 Tum
1148 4318 1286 4381 respondet:
1301 4318 1362 4364 iisne
1372 4315 1449 4381 penti

395 4429 403 4446 ο
430 4369 450 4405 ¹⁹
470 4369 594 4421 Torrentem
613 4377 733 4426 meridiano
753 4377 806 4440 sole]
849 4381 904 4444 Legi
937 4380 1137 4443 concurrissemus,
1156 4399 1186 4430 sn
1205 4383 1281 4447 potius
1297 4383 1354 4431 nihil
1371 4381 1447 4430 nmtri

392 4434 460 4498 jubet
479 4435 612 4486 Perisonius
633 4450 734 4493 torrente.
768 4447 850 4494 Potest
868 4459 904 4495 ta·
936 4447 1056 4506 hebentes,
1076 4461 1160 4511 prater
1181 4450 1269 4499 nudum
1287 4463 1402 4514 eampum,
1420 4448 1450 4496 in

394 4515 449 4560 rnen
471 4501 563 4551 delendi
580 4503 669 4565 vulgara
690 4506 760 4556 lectio
780 4511 904 4572 virgiliano
936 4527 1153 4577 quopugnerernus.

394 4564 440 4617 boe
458 4583 534 4633 sessu,
556 4568 600 4620 Per
617 4573 667 4633 pice
685 4581 792 4624 tonuisse
811 4585 903 4640 strapis
