3184 5225
393 370 436 424 ,46
814 359 899 422 ΤΙΤΙ
919 359 1020 420 mvn

222 517 256 571 u.
266 519 297 569 c.
307 519 365 572 58⁰·
434 515 523 580 XIII.
544 512 707 598 Reliquum
722 515 871 578 orationis
885 514 1062 576 adhortatio
1077 513 1145 575 fuit.
1168 511 1263 574 ‘Non
1279 531 1338 595 ego
1354 512 1446 592 baec}

218 584 364 698 &3²
390 603 501 684 inquit,
516 605 527 638 ⁴
542 603 666 666 Incertis
676 601 797 683 jactata
812 601 991 677 rumoribus,
1006 613 1038 662 et
1053 599 1193 682 cupidius
1218 599 1346 677 credita,
1369 601 1445 680 quia

219 714 249 762 ,a
258 713 344 764 tellum
389 690 402 754 .‘
416 711 485 752 vera
498 710 565 752 esse
580 689 619 750 dc
633 688 758 750 inimico
772 687 902 748 crimina
915 685 1064 763 volebam,
1080 685 1187 748 adiero
1205 686 1246 748 ad
1260 707 1325 765 vos,
1337 684 1444 748 Patres

219 787 300 828 coam
311 781 369 830 Per-
390 777 402 811 ‘
416 774 601 856 conscripti3
625 774 679 835 sed
694 785 853 856 comperta
868 785 901 836 et
920 771 1090 855 explorata,
1106 772 1191 834 baud
1206 791 1292 835 secus
1307 773 1445 854 quamsi

218 855 268 892 ⁸⁸⁸·
389 861 589 944 ‘speculator
601 860 710 923 missus
725 881 745 922 a
758 860 845 922 vobis
860 857 998 941 subjecta
1012 857 1108 920 oculis
1123 857 1276 920 referrem.
1320 856 1444 939 Neque,

387 948 400 981 ⁴
415 947 522 1008 relicto
532 967 626 1026 regno
636 945 1150 1028 meo,quodamplumetegregium
1160 965 1213 1006 voe
1223 943 1350 1022 fecistis,
1356 964 1443 1006 mare

386 1034 398 1065 ‘
414 1043 535 1094 tantum
553 1030 752 1111 trajecimus,
767 1041 803 1091 ut
818 1051 897 1092 vana
911 1029 952 1090 ad
961 1050 1015 1092 vos
1028 1029 1193 1092 adferendo
1205 1029 1296 1092 firlem
1307 1031 1443 1112 abroga-

385 1117 398 1152 ‘
413 1137 478 1180 rem
492 1115 580 1177 mihi.
624 1113 796 1176 cernebam
808 1115 1011 1177 nobilissImae
1019 1114 1100 1177 Asiae
1108 1127 1142 1177 et
1150 1114 1273 1178 Gracia
1286 1115 1443 1194 civitates,

386 1204 399 1237 ¹
413 1203 445 1264 in
456 1202 520 1263 dies
531 1201 628 1282 magis
640 1200 832 1262 denudantes
843 1198 961 1281 judicia
975 1219 1041 1277 sua,
1057 1221 1148 1277 mox,
1161 1203 1186 1262 si
1202 1202 1442 1282 permitteretur,

385 1288 400 1322 ‘
413 1309 452 1349 eo
462 1307 664 1370 processuras,
673 1286 755 1348 unde
766 1297 922 1366 receptum
934 1285 974 1346 ad
986 1285 1196 1368 poenitendum
1206 1305 1268 1348 non
1280 1286 1442 1351 haberent.

385 1372 398 1407 ‘
413 1372 583 1435 cernebam
595 1371 783 1450 Parammon
793 1371 1004 1434 continentem
1018 1393 1050 1433 ae
1065 1369 1256 1434 Macedonia
1267 1373 1444 1454 regno,‡alia

385 1459 399 1494 ‘
411 1459 504 1522 armis
515 1470 729 1540 occupantem,
741 1457 813 1536 alia,
825 1477 890 1539 qnae
900 1457 928 1518 vi
944 1457 1043 1540 subigi
1055 1478 1118 1520 non
1131 1451 1270 1540 possunt,
1282 1458 1385 1520 favore
1400 1479 1439 1521 ac

385 1545 623 1607 ‘benevolentia
642 1543 910 1627 complectentem.
952 1541 1115 1622 Videbam,
1139 1565 1230 1625 quam
1251 1544 1340 1627 inpar
1357 1555 1440 1608 esset

386 1632 399 1667 ‘
413 1652 491 1710 sors,
503 1635 530 1670 ⁴⁴
541 1651 636 1712 quum
646 1631 699 1693 ille.
709 1630 796 1692 vobis
811 1630 924 1693 bellurn
933 1639 966 1708 ¹¹¹,
981 1651 1035 1692 vos
1046 1629 1074 1691 ei
1086 1651 1222 1692 securam
1235 1650 1344 1712 pacem
1356 1652 1438 1713 prae·

385 1717 398 1751 ‘
413 1717 534 1779 staretis
539 1739 550 1796 3
567 1737 751 1799 quamquam
761 1716 836 1778 mihi
848 1716 970 1798 quidem
980 1737 1043 1780 non
1051 1737 1170 1800 parare,
1179 1717 1235 1778 sad
1242 1737 1346 1798 gerere
1355 1733 1438 1799 pene

384 1804 399 1838 ‘
412 1804 526 1866 bellum
536 1802 706 1866 videbatur.
750 1808 778 1844 ⁴⁵
787 1802 980 1884 Abrupolim,
990 1804 1107 1866 socium
1120 1815 1212 1884 atque
1225 1803 1357 1866 amicum
1366 1823 1437 1866 ves·

384 1890 398 1924 ‘
411 1900 503 1967 trum,
514 1911 610 1972 regno
622 1890 751 1972 expulit.
793 1889 970 1951 Artetarum
983 1888 1129 1973 Illyrium,
1139 1889 1211 1971 quia
1219 1889 1335 1974 scripta
1346 1889 1385 1952 ab
1397 1909 1437 1951 eo

383 1974 397 2009 ⁴
412 1976 550 2056 quaedam
560 1977 645 2039 vobis
656 1975 818 2058 comperit,
830 1975 946 2037 socium
959 1975 1033 2038 item
1044 1988 1136 2057 atque
1146 1976 1279 2038 amicum
1290 1986 1438 2053 vestnrm,

385 2063 396 2095 ‘
411 2061 576 2125 interiecit.
619 2061 803 2124 “Euersam
813 2071 828 2102 ¹³
843 2073 876 2124 et
887 2060 1075 2124 Callicritum
1090 2061 1267 2140 Thebanos,
1282 2062 1437 2146 principes

383 2147 397 2181 ‘
409 2147 554 2226 civitatis,
565 2148 637 2229 quia
647 2149 769 2211 liberius
780 2147 922 2210 adversus
930 2169 1000 2210 eum
1009 2148 1041 2210 in
1053 2149 1185 2210 concilio
1195 2146 1373 2212 Boeotornm
1385 2148 1435 2209 lo·

383 2232 476 2296 ‘cuti
496 2235 626 2314 fuerant,
649 2235 862 2317 delamrosque
877 2234 917 2296 ad
936 2255 1001 2312 vos,
1025 2255 1092 2317 quae
1112 2245 1282 2317 agerentur,
1305 2233 1436 2317 professi

383 2318 398 2353 ‘
411 2332 509 2399 erant,
517 2321 668 2384 tollendos
676 2320 803 2384 curavit.
845 2320 1000 2384 Auxilium
1013 2319 1172 2406 Byzantiis
1182 2322 1323 2384 adversm
1333 2320 1436 2382 ioedua

383 2404 397 2440 ‘
410 2407 493 2484 tulit,
511 2411 537 2452 ⁴⁷
549 2405 689 2490 Dolopia
704 2408 785 2469 bella
805 2406 919 2484 intulit,
934 2404 1127 2470 Thessaliam
1150 2419 1183 2470 et
1202 2406 1350 2469 Doridem
1363 2425 1436 2468 curn

385 2489 398 2523 ‘
412 2491 549 2554 exercitu
557 2492 700 2574 pervasit,
709 2503 745 2554 ut
752 2494 784 2554 in
795 2493 877 2554 bello
888 2493 1034 2556 intestino
1044 2493 1202 2562 deterioris
1212 2493 1310 2575 partis
1320 2491 1435 2553 auxilio

385 2575 400 2609 ‘
412 2576 569 2640 meliorem
581 2577 749 2660 adfligeret.
782 2577 931 2642 Confudit
940 2591 972 2642 et
983 2580 1105 2643 miscuit
1115 2579 1220 2641 omnia
1231 2579 1263 2641 ln
1274 2576 1436 2641 Thessalia

384 2659 718 2747 ‘Perrhaebiaque-ape
736 2686 881 2727 novarum
897 2666 1078 2743 tabularum,
1097 2678 1133 2728 ut
1145 2684 1238 2727 manu
1260 2664 1435 2726 debitorum

384 2748 398 2782 ‘
410 2749 545 2811 obnoxia
554 2750 611 2811 sibi
623 2751 789 2833 optimates
800 2752 996 2834 obprimeret.
1041 2750 1117 2813 Haec
1129 2772 1221 2832 quum
1232 2750 1319 2813 vobis
1329 2750 1432 2834 quies-

384 2835 552 2897 ‘centibus
565 2837 796 2919 etpatientibus
816 2837 932 2917 iecerit,
950 2850 982 2901 et
1002 2858 1177 2901 concessam
1200 2838 1259 2899 sibi
1281 2835 1433 2899 Graeciam

384 2921 478 2983 ‘esse
493 2942 513 2983 a
525 2923 611 2984 vobis
625 2924 745 3001 videat3
767 2944 824 3009 pro
848 2936 933 2987 certo
957 2924 1060 3003 habet,
1077 2924 1230 2987 neminem
1251 2923 1322 3003 sibi,
1342 2936 1433 2986 aute·

384 3008 397 3041 ⁴
411 3028 503 3089 quam
514 3009 547 3069 in
559 3006 680 3071 Italiam
692 3008 857 3091 trajecerit,
868 3022 1018 3073 armatum
1029 3012 1234 3083 obcursumm.
1256 3007 1327 3071 Hoc
1339 3028 1433 3089 quarn

383 3092 495 3155 ‘vobis
510 3106 611 3157 tutum
632 3107 685 3158 aut
699 3098 860 3158 honestum
875 3098 926 3175 sit,
943 3118 997 3159 vos
1010 3097 1162 3159 videritis:
1184 3116 1244 3178 ego
1258 3106 1341 3157 certe
1355 3094 1433 3155 mihi

381 3178 396 3212 ‘
410 3191 499 3263 turpe
510 3202 576 3243 esse
586 3181 669 3261 (luxi,
677 3183 760 3265 prius
771 3183 880 3247 Persea
889 3182 928 3245 ad
941 3184 1053 3245 bellum
1066 3182 1269 3259 inferendum,
1279 3200 1371 3263 quam
1380 3200 1434 3241 me

381 3265 395 3300 ‘
409 3268 527 3329 socium
536 3269 576 3330 ad
586 3269 822 3352 praedicendum,
827 3282 863 3333 nt
871 3270 1028 3345 caveretis,
1034 3268 1135 3330 venire
1144 3267 1176 3328 in
1186 3266 1319 3329 Italiam.
1331 3264 1434 3328 Func-

381 3353 457 3415 ‘tus
477 3357 649 3419 necessario
666 3357 742 3419 mibi
757 3357 870 3435 officio,
889 3366 921 3419 et
938 3355 1070 3437 quodem
1088 3356 1181 3415 modo
1196 3353 1325 3415 liberata
1339 3364 1433 3432 atque

379 3438 394 3473 ⁴
408 3454 576 3504 exonerata
584 3440 645 3502 fide
656 3464 735 3521 mea,
746 3443 820 3525 quid
831 3436 911 3503 ultio
922 3442 1023 3503 Iacere
1035 3460 1170 3523 possum,
1185 3458 1276 3520 quam
1287 3438 1333 3500 uti
1346 3436 1431 3499 Deos

380 3523 394 3557 ‘
408 3522 550 3605 Deosque
562 3546 678 3607 precer,
697 3540 733 3589 ut
746 3550 799 3591 vos
815 3539 847 3590 et
861 3538 965 3589 vestra
979 3527 1162 3606 reipublice,
1192 3538 1224 3589 et
1238 3523 1324 3587 nobis
1337 3522 1431 3585 sociis

381 3607 393 3642 ‘
408 3618 500 3691 atque
511 3612 628 3691 amicis,
639 3613 691 3695 qui
701 3633 742 3675 ex
751 3614 839 3674 vobis
850 3612 1029 3695 pendemus,
1042 3612 1208 3674 consulatis
1218 3610 1248 3672 l'

511 3716 530 3743 ·
544 3712 595 3760 aaa
608 3711 724 3777 [mm]
740 3712 812 3764 cm.
1100 3709 1304 3760 naaman.

413 3788 435 3825 ⁴⁴
453 3788 530 3843 aaa„
549 3792 665 3841 linealis
684 3791 765 3839 bellun
783 3790 887 3857 meet]
923 3792 987 3841 inii·
1029 3792 1367 3843 aeneidaruntrlelibroxtr.
1387 3792 1433 3841 Illo

381 3854 487 3905 Verbum
502 3865 592 3917 param
608 3853 692 3917 adjecit
707 3855 891 3905 Grmwioauc·
922 3858 985 3906 enim
1017 3858 1066 3907 'bro
1088 3858 1154 3907 icitia
1178 3857 1356 3907 continebantur
1375 3856 1434 3907 belli

379 3920 557 3971 mactericus.
589 3918 837 3984 Necdubiubinquin
849 3920 890 3968 li-
922 3922 1077 3981 MacedouIci,
1107 3934 1134 3971 ut
1160 3934 1250 3973 coartet
1277 3937 1306 3971 ex
1321 3921 1432 3985 epitome.

382 3986 433 4035 vius
447 3984 481 4031 ita
499 3986 624 4051 scripserit,
639 3985 679 4049 qni
696 4001 724 4034 ea
742 3985 824 4049 {qun
839 4002 890 4049 que
921 3986 1060 4053 Abrupolim
1077 3986 1210 4053 Samium
1227 4002 1306 4050 regem
1325 3986 1432 4050 (Sap-tea

279 4053 284 4063 “
381 4059 525 4112 aequemur:
540 4052 890 4115 quaquoemilriuu'elemnott
920 4050 1099 4116 TbnrioeregIo
1116 4052 1161 4115 eet)
1182 4053 1260 4109 fuine.
1278 4066 1291 4101 a
1311 4050 1431 4101 Pamin

378 4114 602 4179 promulgent·
612 4133 667 4178 pam
678 4116 757 4165 blla-
768 4116 890 4165 numam.
921 4130 1027 4182 corrupto
1037 4118 1092 4168 licet
1103 4129 1169 4168 textu
1183 4118 1281 4175 eruitur,
1299 4117 1325 4165 iu
1342 4114 1431 4165 Achai·

383 4178 427 4227 list
449 4178 512 4225 eninr
538 4181 657 4239 amenio,
677 4195 787 4245 tanqum
814 4182 890 4231 minus
921 4183 964 4241 cis,
973 4184 1021 4232 rire
1031 4184 1089 4233 libro
1101 4198 1148 4233 vu.

382 4258 453 4321 quarn
469 4258 508 4293 rea
524 4244 669 4296 acdixioet.
700 4248 811 4313 oportuit
820 4248 890 4309 ignor
953 4246 975 4283 ⁴⁴
1000 4244 1116 4311 anm]
1146 4246 1325 4309 lralegeurlma
1350 4256 1433 4295 ceant

380 4320 455 4359 atram
466 4308 686 4374 mndtmnfquod
694 4314 795 4375 corrigit.
920 4312 1172 4373 rtemvateeusmon
1181 4310 1293 4363 Emr
1310 4310 1363 4373 quia
1373 4310 1431 4359 illutl

417 4370 439 4406 ¹⁶
460 4372 587 4439 Arma
606 4376 697 4441 mian]
724 4376 786 4434 Qua
807 4378 846 4431 bic
864 4390 889 4429 et
921 4380 1179 4437 Grammnomonem
1193 4377 1373 4427 hocconitern.

382 4438 475 4491 inme.
487 4440 666 4491 iniudicatum
677 4444 706 4493 de
724 4445 847 4509 Abnrpoli,
860 4448 889 4495 ds
953 4446 975 4485 ⁴⁷
991 4444 1088 4509 Dolqa'ae
1107 4446 1164 4495 bello
1178 4442 1269 4508 Intulit]
1293 4442 1355 4505 Lege
1377 4454 1433 4493 enm

381 4504 541 4565 attentato
561 4506 657 4571 Ererca,
671 4522 696 4561 et
714 4511 838 4567 Callicrito,
848 4511 887 4559 fo·
921 4510 1039 4563 Groaorio
1047 4510 1135 4563 buum·

380 4570 429 4627 aba
442 4588 606 4629 memorarent
624 4578 703 4643 procul
719 4577 790 4628 dublo
806 4576 888 4627 tirio·
