3184 5225
483 292 561 351 LlB.
578 292 676 357 xum
697 291 778 353 CAP.
798 292 864 352 un.
1168 307 1210 367 79

159 445 257 507 ander
281 446 312 525 iu
328 444 434 509 Asiam
451 446 585 529 trajecit,
609 468 776 531 numquam
791 450 880 512 ullius
902 448 1110 516 Macedonum
1125 457 1207 537 regis
1222 460 1255 510 U.
1265 462 1296 511 c.
1308 460 1369 513 aar.t

161 552 179 593 e
222 533 267 595 ias
283 532 505 595 tantssluisse.
1220 524 1354 578 mm·

237 616 278 681 ll.
299 616 411 683 Sextus
434 630 468 681 et
481 620 641 683 vicesimus
656 642 753 683 annus
776 624 932 703 agebatru,
953 644 994 685 ex
1007 646 1068 706 mro
1089 630 1207 709 petenti

166 703 308 787 Philippo
324 705 398 767 data
419 727 481 787 pax
495 718 583 767 erata
607 727 662 788 per
677 706 709 769 id
732 727 824 769 omne
838 721 962 791 tempus
976 712 1080 791 quieta
1097 712 1209 776 Maee-

166 791 261 853 donia
275 803 304 853 et
320 792 497 873 progeniem
523 792 670 869 ediderat,
687 790 771 874 eujus
793 814 907 874 magna
925 816 995 876 pars
1009 809 1129 861 mantra
1149 803 1208 863 ni·-

163 876 240 941 litire
253 888 344 954 esset,
367 889 398 939 et
413 878 526 939 levibus
548 878 635 939 bellis
656 878 812 941 'limacum
827 881 1013 960 adcolarum,
1035 905 1100 964 (με
1121 906 1209 949 exer·

165 974 269 1025 oerent
294 964 404 1044 magis,
429 984 522 1044 quam
545 964 721 1044 fatigarent,
743 966 804 1027 sub
828 966 951 1027 assirim
972 980 1078 1031 tanuen
1099 974 1210 1035 militia

166 1048 283 1113 fuerat:
318 1060 351 1111 et
366 1050 418 1113 diu
445 1050 626 1115 meditatum
642 1049 784 1133 Philippo
807 1052 918 1132 primo,
933 1052 1046 1115 deinde
1060 1068 1093 1118 et
1114 1057 1210 1138 Pessij

167 1132 341 1197 Romanum
371 1136 496 1213 bellurn,
525 1137 629 1199 onmia
657 1147 692 1199 ut
719 1137 868 1199 instructa
900 1149 1066 1221 parataque
1095 1158 1208 1223 eunt,

166 1220 318 1285 effecerat.
364 1218 455 1283 Mota
477 1244 638 1305 parumper
662 1223 756 1295 acies,
783 1222 891 1301 (⁷⁸non
909 1224 996 1305 justo
1010 1227 1140 1289 dectusn
1159 1242 1210 1294 trs-¹

167 1308 249 1387 men)
268 1329 308 1371 ne
330 1308 451 1369 stetisse
467 1320 587 1371 tantum
609 1310 642 1370 in
665 1309 755 1371 annis
776 1309 968 1373 viderentur:
1003 1325 1208 1395 armatam,

167 1394 247 1455 sicut
269 1404 367 1471 erant,
383 1394 423 1455 ad
443 1395 623 1457 concionem
637 1395 768 1457 vocavit.
813 1394 882 1477 lpse
904 1398 1044 1463 constitit
1057 1400 1089 1460 in
1110 1400 1208 1463 tribe-

168 1479 243 1555 nali,
258 1480 337 1542 circa
362 1502 394 1541 se
411 1480 527 1543 habens
550 1480 629 1543 filios
644 1480 739 1544 duos:
773 1501 902 1561 quorum
916 1482 1014 1565 major
1040 1484 1210 1569 Philippas,·

169 1576 276 1627 namra
301 1565 405 1643 frater,
429 1566 594 1648 adoptione
620 1566 697 1627 tilius
709 1590 719 1644 3
751 1566 860 1643 minor,
886 1589 977 1649 mem
1001 1570 1210 1634 Alexandrum

163 1652 328 1725 vocabant,
343 1652 490 1714 naturalis
506 1663 582 1713 crat.
625 1650 813 1717 cohortatus
827 1665 875 1715 est
895 1656 1007 1717 utilitas
1022 1658 1062 1718 ad
1077 1659 1211 1720 bellum:
1289 1690 1291 1694 ¹

165 1739 192 1783 ⁷⁴
205 1736 346 1818 injuriam
362 1738 466 1821 populi
491 1738 621 1802 Romani
637 1738 669 1799 in
694 1751 813 1820 patrem
828 1761 919 1820 seque
940 1745 1209 1805 commemorante
1221 1759 1303 1809 ontio
1314 1758 1369 1808 Per-

167 1822 293 1901 ‘Illum,
309 1824 451 1885 omnibus
473 1824 705 1905 indignitatibus
727 1826 915 1908 compulsum
931 1828 968 1890 ad
991 1829 1211 1910 mbellandmn,
1222 1826 1294 1904 ΕΜ
1305 1827 1350 1874 ¹¹²³·

166 1909 179 1941 ‘
194 1910 274 1971 iuter
290 1910 470 1991 adparatum
485 1910 556 1973 belli
573 1910 637 1973 fato
652 1911 849 1991 obpressum:
874 1913 916 1975 ad
930 1935 964 1975 se
978 1914 1067 1977 simul
1082 1916 1212 1997 legatos,
1222 1893 1286 1941 ¹¹²²*

169 1995 283 2057 ‘simul
299 1996 412 2061 milites
427 1996 467 2057 ad
483 1996 677 2078 occupandas
692 1995 816 2059 Graecia
829 2000 919 2059 urbes
933 2000 1052 2061 missos.
1097 2000 1212 2063 Falisci

167 2084 179 2119 ‘
193 2082 307 2144 deinde
318 2082 481 2163 conloquio
491 2103 545 2165 per
556 2083 688 2165 speeiem
700 2084 932 2145 reconciliandae
944 2086 1029 2165 pacis
1040 2096 1213 2162 extractam

168 2169 180 2201 ‘
194 2169 339 2245 hiemem,
354 2178 389 2231 ut
403 2180 523 2250 tempus
538 2169 578 2229 ad
594 2168 832 2250 comparandum
848 2170 1006 2233 habereut.
1049 2169 1213 2234 Consulem

167 2255 180 2288 ‘
196 2274 278 2315 nuum
293 2254 394 2317 uenire
409 2275 477 2315 curn
493 2256 610 2315 duabus
625 2255 794 2336 legionibus
811 2254 971 2331 Romanis,
985 2276 1051 2335 quse
1061 2258 1139 2302 Μ*
1150 2268 1213 2318 tra-

166 2342 180 2374 ‘
196 2358 290 2401 aenos
305 2340 420 2419 equites
435 2340 576 2416 habeant,
589 2352 621 2403 et
630 2339 695 2421 pari
711 2339 807 2399 fernae
819 2359 945 2400 numero
956 2341 1109 2402 sociorum
1124 2344 1213 2422 padi.

167 2428 265 2487 ‘tum
292 2425 493 2505 equitumque.
537 2426 584 2487 Eo
598 2437 632 2487 ut
648 2423 797 2485 aeeemnt
821 2444 926 2503 regum
943 2426 1056 2485 auxilia
1068 2426 1214 2491 Eumnis

169 2513 182 2546 ‘
198 2522 231 2571 et
242 2509 423 2584 Masinissae,
435 2530 496 2569 non
511 2512 579 2589 plus
593 2518 710 2590 septem
725 2510 824 2571 millia
836 2509 986 2590 peditum,
1001 2511 1062 2572 duo
1076 2514 1215 2592 equitum

170 2596 307 2658 ‘futura
351 2593 475 2656 Auditis
490 2595 620 2657 hostiurn
645 2594 750 2676 copiis,
771 2594 955 2678 respicerent
969 2618 1058 2660 suum
1079 2598 1137 2681 ipsi
1160 2618 1215 2662 ex,

82 2713 85 2722 ι
173 2685 184 2717 ‘
199 2683 350 2757 ercitum
375 2692 522 2763 quantum
538 2703 675 2758 numam,
690 2693 840 2761 quantum
860 2702 972 2762 genere
986 2684 1116 2746 militium
1138 2707 1215 2767 pne·

172 2771 314 2832 ‘starent
338 2768 499 2851 tironibus,
515 2768 625 2850 raptim
649 2768 689 2829 ad
704 2767 736 2830 id
760 2767 873 2828 bellum
898 2770 1087 2852 conscriptis,
1109 2773 1177 2854 ipsi,
1197 2793 1218 2833 a

172 2856 298 3002 :puerile
314 2853 426 3002 chuditi
442 2854 562 3002 ortillpupi
569 2853 759 3001 mundalem
770 2855 998 3002 subacttihptsprpl
1006 2857 1105 2918 durati
1115 2859 1216 3006 bellils5

225 2961 320 3002 uxrra
364 2959 482 3002 omanis
538 2959 640 3000 ¹nse
716 2961 749 3006 rr
837 2961 854 3002 e
912 2961 977 3002 amr
999 2963 1135 3005 aseese:
1159 2961 1215 3006 aar
1297 2969 1302 2980 ¹

174 3023 344 3104 ‘'l'hracaa,
359 2961 540 3105 Gallosqug
557 2961 922 3106 ser'ocissimasggse'ntium.
965 3027 1062 3088 Anna
1077 3029 1145 3090 illos
1160 3031 1216 3092 lra-

175 3113 269 3174 ‘bere
285 3134 332 3190 ea,
348 3131 413 3192 quae
435 3112 493 3173 sibi
508 3112 634 3194 quisque
656 3113 807 3192 paraverit
829 3134 943 3194 pauper
964 3115 1073 3175 milesr
1108 3114 1216 3176 Maee-

173 3198 297 3260 ‘donas
323 3209 443 3278 promta
457 3219 496 3260 ex
519 3199 605 3279 regio
620 3198 782 3278 adparatu,
800 3218 855 3278 per
874 3209 923 3260 tot
937 3219 1035 3260 annos
1054 3199 1150 3279 patris
1171 3201 1216 3260 sui

173 3285 187 3319 ⁴
203 3294 323 3345 eura'et
337 3284 463 3364 inpensa
478 3285 570 3345 lacta.
604 3281 819 3346 Commeatum
834 3283 894 3342 illis
909 3303 1003 3362 quum
1018 3283 1134 3364 procul,
1150 3296 1217 3346 tum

177 3371 188 3404 ‘
204 3369 341 3431 omnibus
356 3371 411 3431 sub
426 3371 544 3432 casibus
559 3369 716 3430 maritimis
731 3367 816 3428 fore:
838 3389 872 3428 se
887 3379 919 3430 et
932 3370 1093 3449 pecuniam
1108 3382 1140 3432 et
1155 3370 1217 3432 fm-

175 3457 348 3532 ‘mentum,
379 3467 486 3537 prater
522 3456 637 3518 reditus
672 3453 877 3530 metallorum,
909 3453 942 3516 in
978 3458 1083 3534 decem
1120 3477 1218 3520 annos

173 3542 378 3624 ‘seposuisse
423 3541 546 3618 Omnia,
570 3563 636 3623 quse
661 3540 797 3602 Deorum
825 3540 1026 3621 indulgentia,
1047 3563 1112 3621 quae
1133 3543 1219 3623 regia

171 3682 230 3740 buit,
257 3693 354 3744 quatuor
388 3681 457 3730 millis
492 3692 516 3730 et
547 3681 681 3744 quingentos
713 3681 737 3727 in
748 3679 817 3727 armis
828 3680 921 3730 ommno
933 3679 1004 3742 quieti
1015 3678 1154 3726 riderennu.

169 3747 681 3860 {sitisti-‘stititliniti
713 3743 1118 3874 stultissimi*
1132 3741 1222 3855 smil*

172 3877 318 3924 Freinshem.
336 3876 374 3937 qni
385 3844 421 3924 ex,
429 3876 509 3938 priscis
526 3875 681 3922 monumentis
717 3874 802 3922 Veteres
814 3875 890 3934 populi
905 3874 998 3920 Romani
1015 3874 1120 3933 linarias,
1137 3871 1221 3920 cheles-

173 3955 226 3988 rem
244 3939 365 4000 diligenter
389 3941 527 4003 assequitur,
553 3940 630 4004 Suppl.
657 3941 682 3987 in
713 3940 835 4002 peragentis
847 3939 976 3985 Volscos-trra.

175 4006 295 4065 Curtium,
305 4004 322 4050 l.
333 4018 360 4052 rr.
371 4019 391 4052 a.
401 4006 427 4052 3.
746 4003 768 4040 7⁵
784 4003 883 4065 Singula
903 4016 953 4048 seno
980 3999 1050 4047 mlta
1072 4001 1171 4061 peditum
1198 4011 1221 4050 et

206 4070 229 4106 ⁷³
246 4067 466 4130 Norrjustodeaursu
476 4079 556 4128 tmnm,
567 4085 595 4116 ne
603 4069 683 4116 stetim
713 4075 806 4114 moeros
818 4067 908 4129 aare]
929 4065 1038 4128 Quinque
1055 4067 1138 4129 primas
1153 4081 1222 4115 voces

174 4135 273 4196 mam]
285 4133 423 4196 'l'nnsponit
434 4135 560 4182 Muretus:
577 4135 682 4194 nonjusto
714 4131 809 4178 inseruit
829 4130 934 4178 Clericus
954 4147 984 4177 ex
1004 4143 1082 4178 mente
1101 4131 1223 4188 Gronavii2

172 4199 265 4245 dmrsu
283 4206 374 4256 eamear
396 4207 492 4261 tontum,
510 4215 538 4246 ne
554 4201 633 4246 statius
657 4199 681 4244 in
713 4195 864 4243 Manifestum
873 4207 922 4241 erat
932 4195 1015 4258 aliquid
1021 4198 1066 4244 hoc
1075 4197 1126 4244 loco
1133 4199 1221 4245 deesse.

172 4265 239 4310 ersus
247 4265 381 4311 uiderentur.
405 4264 575 4314 Gnouovrus.
600 4261 681 4308 *Non
713 4259 762 4306 Cur
783 4261 845 4307 enirn
867 4259 963 4308 Perseos
983 4262 1012 4308 de
1033 4262 1086 4310 solis
1107 4261 1222 4325 equitibus

171 4327 320 4375 demurenmr
337 4327 422 4391 plane:
447 4327 470 4373 id
481 4339 571 4374 rantum
589 4326 680 4374 edidere
711 4325 853 4373 mentionem
871 4325 968 4374 laceret.
1003 4324 1104 4375 Trecentos
1119 4325 1221 4391 reposuit

171 4402 256 4450 motus,
265 4393 323 4457 quod
335 4408 431 4443 necesse
439 4401 488 4440 erat
496 4403 523 4440 ut
533 4405 580 4440 non
590 4391 680 4442 natae
712 4389 819 4451 Sigonius
829 4405 870 4454 pro
880 4392 978 4440 enema.
