3184 5225
396 286 455 342 224
818 272 1016 335 EPITOMAE
1032 282 1039 289 ‘

389 450 499 513 parum
519 447 660 509 prospere
683 426 843 517 aliquoties
863 435 988 503 pestnm,
1018 427 1065 484 ita
1087 426 1272 502 confudisset
1297 430 1450 489 ciuitatem

394 511 568 577 Romanam,
589 515 624 563 ut
644 524 679 563 ne
701 526 724 561 ss
745 506 863 583 quidem
884 506 1095 573 invenirentur,
1116 507 1170 583 qui
1188 513 1243 563 aut
1264 507 1449 566 tribunatum

393 584 571 665 exciperent,
603 591 658 643 aut
682 583 776 659 lopati
804 585 847 640 ire
871 583 991 645 velleret.
1021 582 1060 641 P.
1087 582 1242 643 Cornelius
1263 586 1449 645 AEmilianas

389 667 545 744 processit,
566 672 596 721 et
614 670 802 739 excepturum
813 681 843 719 se
854 661 971 719 militia
987 680 1090 738 penus,
1101 663 1302 741 quodcumque
1320 666 1450 741 impera-

394 753 456 801 tum
477 750 563 811 esset,
577 740 731 818 professus
749 749 803 798 est.
825 760 883 817 quo
902 740 1032 817 exemplo
1049 758 1146 797 omnes
1158 742 1200 796 ad
1217 743 1348 799 studium
1368 744 1449 800 mili·

394 824 480 879 tandi
493 821 663 896 conataoit.
706 818 725 855 ¹³
739 819 773 876 L.
793 818 936 882 Lucullus
956 818 1067 887 consul,
1088 820 1141 896 qni
1155 818 1200 876 M.
1219 820 1345 878 Claudio
1359 820 1450 878 Mar-

392 900 466 959 cello
480 907 669 968 successerat,
691 918 780 976 quum
802 897 943 955 lacessere
955 915 1051 955 omnes
1068 896 1234 954 Celtiberia
1242 898 1350 975 populi
1363 900 1447 956 oide-

392 986 506 1048 rentur,
528 978 667 1046 Vaccaos,
681 986 711 1034 et
728 976 902 1045 Cantabros,
917 984 947 1032 et
960 975 1039 1033 alias
1051 976 1149 1033 adbuc
1162 977 1325 1051 incopnitas
1344 981 1446 1035 natio-

391 1074 443 1114 nes
464 1058 496 1113 in
514 1056 664 1133 Hispania
686 1054 812 1129 subepit.
853 1052 902 1111 Ibi
922 1053 961 1111 P.
988 1053 1141 1111 Cornelius
1159 1055 1321 1129 Africanus
1341 1053 1445 1132 Scipio

393 1135 586 1203 AEnsilianus,
609 1134 643 1191 L.
670 1133 777 1191 Paulli
787 1132 889 1210 filius,
914 1133 1058 1208 Africam
1079 1150 1177 1209 nepos,
1201 1134 1251 1189 sed
1270 1134 1442 1207 adoptivus,

387 1222 611 1290 provocatorem
631 1211 790 1270 barbaram
812 1209 948 1268 tribunus
961 1210 1089 1267 militum
1109 1210 1235 1270 occidit:
1259 1218 1289 1269 et
1311 1211 1330 1246 ¹⁴
1345 1212 1375 1267 ia
1389 1210 1443 1268 ob·

387 1294 570 1369 papnatione
585 1290 755 1349 Intercatia
768 1288 861 1360 urbis,
880 1289 976 1364 majus
990 1289 1080 1345 etiam
1092 1288 1256 1365 periculum
1269 1289 1358 1346 adiit.
1373 1308 1444 1345 nam

390 1388 502 1427 macrian
514 1371 629 1449 primus
649 1368 841 1427 transcendit.
884 1366 946 1424 Ser.
967 1366 1116 1443 Sulpicius
1134 1366 1231 1423 Galba
1241 1376 1353 1443 prator
1365 1367 1445 1423 male

390 1450 532 1507 aduersus
557 1448 714 1505 Lusitanos
734 1445 893 1524 pupnaus't.
952 1446 1047 1513 Quum
1068 1445 1162 1521 lopati
1184 1464 1220 1502 ea
1244 1445 1355 1519 Africa
1379 1464 1447 1503 cunt

390 1526 558 1585 oratoribus
579 1526 884 1601 Kartbapiniensium,
908 1531 938 1580 et
956 1523 1085 1583 Gulussa
1108 1523 1275 1581 Masinissa
1288 1522 1371 1598 filio,
1397 1542 1446 1580 re-

390 1606 513 1675 dissent,
537 1606 736 1682 dicerentque,
759 1612 789 1660 et
813 1603 973 1661 exereitum
997 1621 1027 1660 se
1052 1609 1082 1658 et
1108 1602 1230 1659 classem
1254 1600 1445 1678 Kartbapine

389 1683 625 1759 deprehendisse,
647 1686 668 1718 ¹⁵
675 1682 834 1760 perroyari
855 1682 1016 1738 sententias
1030 1680 1159 1756 placuit.
1205 1680 1315 1737 Catone
1329 1687 1359 1736 et
1372 1680 1445 1737 aliis

384 1761 573 1840 principibus
586 1762 703 1823 senatui
716 1759 918 1828 suadentibus,
929 1766 964 1815 ut
977 1760 1008 1815 in
1021 1759 1047 1814 A
1043 1758 1159 1833 frisam
1174 1758 1330 1833 confestim
1344 1766 1443 1817 bans-

385 1848 561 1916 portaretur
582 1839 738 1907 exercitus,
760 1838 839 1915 quod
861 1837 899 1894 P.
926 1836 1078 1895 Cornelius
1097 1835 1210 1895 Nasica
1223 1836 1350 1905 dicebat,
1369 1856 1441 1894 non-

390 1918 459 1977 dum
479 1918 536 1976 sibi
549 1917 666 1992 justam
680 1934 814 1974 caussam
827 1912 899 1972 belli
910 1915 1017 1983 uideri,
1039 1913 1060 1951 ¹⁶
1066 1914 1195 1991 placuit,
1210 1923 1244 1971 nt
1258 1912 1332 1972 bello
1344 1914 1441 1972 absti-

388 2004 501 2065 nerent,
526 1997 553 2053 si
576 1994 842 2070 Kartbapinienses
865 1992 987 2051 classem
1009 1993 1196 2062 exussissent,
1227 2000 1257 2049 et
1282 1994 1441 2050 exereitum

389 2074 587 2133 dimisissent:
612 2074 658 2131 sin
672 2073 777 2142 minsis,
789 2072 920 2149 proximi
933 2072 1064 2129 corssules
1077 2072 1113 2127 de
1128 2070 1242 2129 Punico
1257 2070 1330 2128 bello
1342 2072 1439 2146 reser-

389 2160 465 2209 rcnl.
512 2152 607 2219 Quum
621 2151 748 2209 locatum
761 2170 781 2207 a
794 2148 960 2208 censoribus
984 2149 1132 2207 tbeatrum
1152 2156 1374 2213 exstrueretum
1398 2150 1441 2209 P.

393 2231 528 2290 Comelio
541 2230 654 2288 Nasica
667 2238 797 2298 auctore,
812 2236 958 2306 tamquam
972 2228 1079 2285 inutile
1091 2235 1122 2284 et
1134 2228 1300 2285 nociturum
1310 2227 1441 2304 publicis

387 2309 527 2379 uteribus,
551 2329 586 2366 ea
610 2307 862 2367 senatusconsulto
886 2308 1067 2365 destructum
1090 2314 1144 2373 est,
1169 2306 1356 2384 populusque
1381 2306 1443 2363 ali·

387 2390 528 2463 quamdiu
550 2394 632 2444 stans
649 2386 733 2443 ludos
754 2386 909 2463 spectamt.
952 2383 1218 2459 Kartlsapinienses
1230 2404 1320 2461 quum
1333 2386 1444 2441 adoer-

388 2482 438 2523 sns
451 2466 556 2540 sadus
575 2464 682 2521 bellum
708 2464 878 2522 Masinissa
901 2462 1083 2534 intulissent,
1107 2463 1180 2521 cicti
1198 2461 1236 2519 ab
1256 2461 1334 2531 eo,'¹¹
1347 2482 1441 2522 annos

423 2631 442 2666 ¹³
477 2631 506 2680 L.
533 2630 643 2680 Lucullus
663 2633 747 2689 rauel,
771 2631 983 2695 (Claudius‘editi
1003 2641 1027 2679 et
1043 2630 1146 2694 plerique
1164 2631 1239 2693 aripti
1255 2632 1342 2680 habent
1358 2635 1382 2681 in
1398 2651 1439 2682 α-

387 2695 518 2752 Marcellus,
531 2695 715 2755 caisuecesserat]
734 2698 812 2755 Longe
830 2696 898 2743 aliter
925 2696 1070 2757 pugrsatione.
1103 2693 1162 2746 Quis
1173 2696 1438 2751 aurisericincertum.

386 2761 447 2810 hane
458 2761 577 2826 periodum
585 2760 689 2808 formavit
698 2759 837 2816 Gronovius,
844 2776 896 2822 par-
929 2757 1040 2808 Ceterum
1051 2775 1121 2821 quarn
1140 2760 1261 2806 Intercatia
1278 2775 1324 2807 non
1344 2778 1439 2830 expug-

387 2827 430 2874 tins
448 2842 476 2874 ex
495 2826 583 2873 duobus
601 2826 672 2874 MSS.
688 2826 770 2887 pertitn
791 2840 821 2872 ex
839 2841 896 2873 eon·
927 2834 981 2872 nata
999 2825 1080 2882 fuerit,
1096 2825 1136 2872 sed
1147 2825 1336 2888 perdeditionesn
1347 2832 1441 2878 venerit

294 2905 300 2914 '
379 2889 482 2959 jactura.
516 2891 604 2940 Sicilie
625 2889 714 2950 edidis,
738 2887 767 2938 L.
784 2888 898 2938 Lucullus
927 2889 951 2936 in
968 2888 1123 2937 Rornanorum
1133 2901 1279 2954 potestatem,
1292 2892 1383 2955 (sibe.
1395 2897 1439 2942 23.

385 2959 470 3016 massi,
482 2971 531 3004 essm
550 2955 644 3004 Claudio
656 2955 774 3013 Marcello,
793 2957 831 3002 eui
846 2971 896 3002 sue·
927 2955 997 3015 hujus
1014 2953 1078 3015 libri)
1099 2953 1129 3002 ab
1145 2959 1312 3018 oppugnatione,
1331 2958 1439 3020 quanin
1502 3013 1508 3020 ι

385 3028 483 3080 assuras,
502 3037 568 3084 quum
580 3023 677 3069 lacessere
688 3035 758 3068 amites
779 3018 897 3069 Celtiberia
929 3020 1081 3068 Gronosianis
1092 3019 1231 3067 editionibus
1241 3023 1375 3084 repetimus,
1385 3024 1438 3072 loco

382 3087 608 3148 papalioiderentur,
628 3083 778 3134 Vaaaaete.
794 3084 896 3134 sedhae
927 3084 1323 3136 movendumessenonsisumest.
1360 3087 1439 3138 lister-

384 3166 464 3214 parutn
475 3167 530 3201 sane
547 3151 654 3216 placent:
679 3161 703 3198 et
722 3151 768 3198 ltoo
788 3150 897 3198 annonis
926 3153 989 3198 satie
1008 3163 1043 3198 est
1062 3149 1090 3198 sb
1108 3149 1170 3198 felici
1191 3149 1276 3212 sigonii
1293 3154 1440 3216 conjectura,

385 3218 527 3276 membrum,
546 3233 612 3280 qaum
628 3217 808 3264 bernaicum
824 3214 895 3263 Celti·
927 3232 998 3278 qtsum
1009 3217 1071 3278 prius
1081 3215 1198 3276 legeretur
1207 3226 1274 3278 capte
1282 3233 1292 3274 ,·
1307 3218 1332 3266 in
1343 3221 1438 3282 quibus·

384 3281 448 3330 beria
474 3281 548 3344 populi
575 3281 710 3339 siderentur,
734 3280 847 3346 impediti,
871 3292 895 3329 et
926 3281 1164 3348 damiatemrcnptis
1174 3284 1303 3342 intercepta.

384 3346 482 3406 obscuri,
498 3358 523 3394 et
541 3345 617 3394 mutili
635 3361 715 3395 sensus
733 3361 783 3395 esse
794 3347 893 3398 videtur.
960 3347 979 3379 ¹⁵
1005 3346 1124 3410 Perrugari
1145 3349 1260 3395 aasentias
1280 3349 1378 3414 plasme]
1403 3350 1439 3400 Et

384 3411 436 3460 Nos
453 3425 643 3476 repraesentamus
660 3422 719 3459 vett.
736 3413 850 3460 editorum
869 3424 894 3460 et
924 3411 987 3460 hunt
999 3428 1088 3475 quoque
1098 3413 1174 3461 locum
1185 3412 1289 3474 Sigonius
1297 3413 1343 3461 lesi
1352 3431 1437 3462 emen·

383 3476 892 3604 attestatisasisinat
921 3477 1272 3604 instaurastis
1293 3481 1436 3528 '‘“·“¹³¹¹²

632 3575 641 3599 s
883 3570 892 3582 ·
1181 3568 1184 3571 “
1268 3577 1273 3589 ·

382 3621 462 3658 catutn
482 3609 507 3656 in
523 3623 600 3664 suurn,
615 3619 641 3654 ut
658 3619 773 3670 putamus,
786 3608 890 3657 ordinent
956 3606 977 3641 ¹⁶
984 3583 1125 3665 ⁰Ptaeatr,ar
1135 3609 1189 3656 belia
1198 3607 1353 3672 abstineretur]
1374 3608 1436 3659 vut-

381 3675 544 3724 revoeavimus.
588 3671 684 3721 Habent
714 3674 775 3722 enirn
803 3674 891 3735 antiqui
922 3673 976 3733 goti,
990 3682 1017 3721 ut
1035 3672 1088 3720 bello
1106 3674 1251 3728 desisteretur,
1273 3673 1333 3735 quod
1355 3675 1437 3723 minus

381 3741 448 3798 editi,
467 3737 493 3788 L.
506 3737 708 3796 Littallusomsul,
728 3741 766 3787 eui
784 3737 891 3787 Claudiam
922 3740 1036 3803 propriant
1059 3751 1114 3798 est;
1144 3738 1246 3786 nondum
1268 3739 1353 3786 etenim
1380 3741 1448 3788 bel·‘

383 3804 504 3853 Marcellus
522 3811 656 3860 successerat,
677 3805 737 3864 quod
756 3815 789 3852 est
810 3814 891 3852 eontra
921 3801 970 3851 lum
986 3816 1156 3867 coeptumetst.
1189 3803 1257 3865 Apud
1272 3804 1390 3853 Andream
1407 3818 1436 3854 et

381 3870 484 3918 historiae
496 3871 574 3932 iidem,
591 3885 662 3932 quum
679 3868 791 3918 Marcello
803 3869 888 3917 Lucul-
922 3868 945 3916 in
965 3885 1013 3918 uno
1030 3885 1044 3917 e
1061 3869 1131 3916 MSS.
1150 3868 1246 3916 Hesrnii
1259 3880 1332 3916 exstat
1348 3870 1378 3918 rb
1392 3873 1435 3918 ab·

382 3935 419 3982 lus
431 3937 574 3984 successerit.
606 3933 691 3982 Sensus
702 3934 774 3983 clarus
785 3947 820 3982 est
833 3951 889 3997 quo·
919 3937 1048 3984 stineretnr:
1065 3933 1151 3997 aliquot
1166 3934 1242 3997 scripu
1259 3934 1347 3982 habent
1363 3937 1432 3984 absti-

382 4001 451 4046 tnodo
465 4000 579 4062 legimus:
597 3997 677 4054 Quum
694 3999 804 4048 Claudius
822 4000 888 4047 Mer·
919 4009 1004 4050 nerent.

381 4063 454 4112 celius
462 4066 551 4114 Luculli
559 4068 662 4114 desem
670 4065 888 4115 omnesCeltiberia
955 4065 975 4101 ¹⁷
1001 4066 1075 4114 ‚irruis
1101 4063 1190 4114 labeme
1216 4067 1335 4129 armaginta
1362 4065 1434 4130 arros]

381 4129 575 4194 poptrlospacasse
594 4131 717 4188 videretur,
733 4130 843 4180 Lucullus
863 4132 888 4178 in
919 4129 1056 4191 Legendum
1082 4133 1158 4196 petius
1180 4130 1271 4178 ridetur
1290 4131 1436 4177 drodmann-

380 4193 468 4254 ignotas
490 4199 564 4244 adbuc
584 4198 688 4256 regiones
703 4197 839 4261 penetrarit,
853 4207 888 4257 et,
916 4197 990 4260 ginta,
1005 4197 1119 4257 quomodo
1136 4195 1307 4243 Freinshemius
1321 4195 1395 4242 babet
1408 4210 1433 4242 c.

380 4258 502 4307 deficiente
521 4261 544 4307 in
570 4259 691 4311 Celtiberis
709 4263 763 4310 belli
786 4263 890 4318 tarteria,
919 4261 959 4308 32.
982 4261 1051 4324 hujus
1061 4261 1124 4310 libri.
1160 4261 1252 4308 Etenim
1271 4259 1353 4324 Polyb.
1371 4261 1434 4324 apud

380 4323 498 4380 Vaccaeos,
514 4325 638 4376 Cantabros
648 4327 744 4388 subegit.
918 4323 1036 4374 valesium
1046 4326 1114 4375 tradit
1126 4325 1282 4384 Masinissam,
1303 4341 1376 4388 quusn
1389 4328 1435 4372 dei

413 4389 434 4423 ¹⁴
449 4387 479 4438 ln
497 4394 655 4454 oppugnatione
669 4391 806 4457 littereatia]
822 4391 887 4443 Vett.
920 4392 996 4452 cessit,
1009 4408 1080 4442 mnus
1098 4403 1188 4442 tantam
1206 4391 1329 4454 nonaginta
1349 4403 1433 4440 uatum
