3184 5225
372 262 436 329 stro
586 325 596 358 θ
800 260 886 325 mm
904 253 1006 326 mvn

281 423 356 537 x*
377 422 479 502 ‘rica
494 420 704 505 alteraEpiro.
748 404 861 503 Capita
882 421 1051 502 regionum,
1073 416 1126 482 nbi
1149 418 1281 481 eoncilia
1300 418 1419 501 tierent,

279 521 285 537 ·
346 517 354 534 ·
379 516 390 549 ‘
403 514 509 597 primre
523 509 655 588 regionis
667 506 889 590 Amphipolim,
899 507 1039 568 secunda
1052 504 1302 586 Thessalonicen,
1324 508 1423 571 tertie

308 590 316 603 ’
353 598 533 673 ΙῬεΙΙειη,
547 606 661 677 quartae
673 593 867 676 Pelagoniam
880 594 961 655 feeit.
1005 592 1427 676 momentanearum·

380 686 393 720 ‘
406 704 465 766 que
477 682 608 763 regionis
624 680 728 758 indici,
744 682 905 762 pecuniam
917 678 1060 758 conferri,
1069 680 1111 741 ibi
1123 679 1316 761 magistratus
1329 681 1427 742 creari

382 771 393 805 ‘
404 766 515 852 jussit!
562 766 775 829 pronunciavit
799 766 920 842 deinde,
935 766 986 847 ‘⁴.⁸
998 786 1097 848 neque
1112 766 1308 845 connubium,
1329 782 1428 848 neque

383 854 626 918 ‘commercium
642 871 783 935 agrorum
798 852 1054 935 aedificiorumque
1078 853 1158 914 inter
1172 874 1205 914 se
1224 853 1347 935 placere
1362 854 1428 935 cni·

309 996 312 1003 .
384 944 502 1025 ‘quam
517 950 606 1004 extra
620 940 695 1003 lmes
710 938 842 1022 regionis
857 955 917 1000 sure
941 954 1016 1001 esse.
1060 936 1193 1002 Metalla
1218 957 1339 1021 quoque
1363 940 1428 1002 ami

383 1030 396 1063 ‘
410 1042 502 1110 atque
517 1028 634 1109 argenti
647 1046 710 1088 non
726 1026 881 1088 exerceri:
906 1025 976 1087 ferri
993 1026 1104 1087 eteris
1119 1025 1276 1109 permitti.⁹
1299 1026 1429 1109 vectigal

383 1115 597 1179 exercentibus
623 1113 783 1175 dimidium
808 1111 873 1195 ejus
902 1112 1078 1195 inpositum,
1105 1113 1187 1195 quod
1210 1110 1427 1195 pependissent

383 1200 459 1283 regi.
507 1198 549 1263 Et
577 1200 639 1261 sale
670 1200 790 1261 invecto
818 1200 864 1261 uti
889 1199 995 1260 vetuit.
1042 1198 1194 1260 Dardanis
1220 1198 1427 1281 repetentibus

385 1286 548 1365 Paeoniam,
564 1286 646 1367 quod
661 1292 693 1346 et
714 1302 769 1347 sua
784 1283 901 1362 luisset,
916 1296 948 1347 et
962 1285 1123 1346 confluens
1138 1300 1218 1347 esset
1232 1284 1341 1346 linibus
1356 1286 1429 1364 suis,

385 1373 551 1435 ‘omnibus
578 1372 651 1433 dare
677 1363 862 1434 libertatem'
891 1367 1112 1453 pronunciavit,
1146 1372 1223 1453 ‘qui
1249 1372 1306 1433 sub
1336 1390 1430 1453 regno

384 1458 511 1521 ‘Persei
532 1456 679 1521 fuissent.⁸
724 1457 797 1521 Post
823 1478 885 1519 non
912 1458 1105 1540 impetratam
1132 1457 1295 1535 Paeoniam,
1320 1458 1430 1520 ⁴⁷salis

387 1546 603 1609 commercium
619 1544 724 1606 dedite
748 1545 844 1606 terties
858 1544 976 1625 regioni
991 1545 1164 1629 imperavit,
1178 1556 1214 1606 ut
1224 1542 1337 1606 Stobos
1346 1542 1431 1606 Paeo·

385 1634 445 1694 nire
468 1632 662 1707 deveherent,
679 1631 869 1713 pretiumque
883 1630 1000 1692 statuit.
1043 1630 1193 1693 Navalem
1215 1630 1377 1693 materiam
1402 1643 1434 1692 et

387 1719 469 1801 ipsos
491 1718 617 1795 caedere,
643 1726 675 1778 et
698 1717 772 1778 alios
791 1718 856 1799 pati
871 1717 979 1779 vetuit.
1015 1715 1212 1800 Regionibus‚
1236 1738 1301 1799 quse
1316 1716 1432 1780 adfines

384 1804 522 1866 barbaris
537 1812 646 1882 essent,
665 1802 807 1885 (excepta
822 1814 925 1866 autem
935 1804 1036 1881 tertia,
1051 1823 1158 1867 omnes
1167 1804 1267 1885 erant)
1281 1804 1433 1887 permisit,

388 1902 424 1953 ut
439 1890 577 1973 presidia
591 1900 709 1951 armata
722 1890 754 1950 in
770 1888 879 1951 linibus
894 1891 1039 1951 extremis
1053 1890 1210 1952 haberent.

431 1974 536 2037 XXX.
562 1974 647 2054 Htec,
677 1976 878 2059 pronunciata
920 1976 1019 2059 primo
1055 1976 1104 2037 die
1141 1987 1317 2053 conventus,
1350 1978 1433 2039 varie

387 2061 566 2125 adfecerunt
580 2063 709 2123 animos.
753 2058 891 2123 Libertas
915 2073 1024 2144 preter
1043 2082 1126 2145 spem
1144 2062 1216 2124 data
1231 2062 1359 2140 adrexit,
1375 2062 1433 2145 et¹¹

388 2148 522 2211 levatum
549 2166 683 2209 annuum
710 2148 854 2228 vectigal.
902 2147 1098 2229 Regionatim
1123 2149 1314 2211 commerciis
1337 2149 1432 2211 inter·

386 2235 484 2317 ruptis
499 2232 580 2296 “ita
594 2234 688 2297 videri
710 2234 856 2312 lacerate,
876 2244 1032 2315 tamquam
1059 2234 1203 2296 animalia
1225 2235 1256 2296 in
1278 2245 1369 2313 artus,
1385 2235 1432 2297 al-

320 2398 323 2405 .
388 2332 489 2383 terum
504 2321 627 2383 alterius
641 2320 825 2401 indigentes,
852 2321 1017 2383 distracta:
1040 2321 1129 2399 adeo,
1145 2334 1260 2403 quanta
1279 2318 1431 2384 Macedo-

388 2408 442 2468 nia
456 2418 547 2484 esset,
562 2424 653 2487 quarn
669 2410 695 2446 ⁴⁹
705 2407 814 2467 divisui
829 2406 936 2484 facilis,
962 2408 990 2446 ⁸⁰
1000 2418 1032 2467 et
1045 2426 1064 2469 a
1078 2428 1111 2469 se
1126 2409 1193 2490 ipsa
1216 2427 1342 2489 quaeque
1357 2429 1432 2471 con·

389 2502 487 2556 temta
538 2512 584 2552 ars
611 2504 701 2570 esset,
731 2488 921 2553 Macedones
958 2513 1078 2574 quoque
1112 2495 1303 2575 ignorabant.
1360 2493 1431 2557 Pars

389 2581 487 2664 prima
507 2514 639 2640 hinulos
665 2578 769 2657 habet,
805 2578 985 2640 fortissimos
1014 2581 1105 2658 viros,
1138 2580 1176 2660 (⁶¹
1191 2592 1274 2643 trans
1300 2577 1431 2644 Nessum

389 2675 512 2728 ainnem
540 2665 680 2727 incolunt
713 2675 744 2726 et
766 2666 849 2727 circa
879 2661 1087 2749 Strymonem)
1124 2679 1157 2730 et
1176 2669 1289 2730 multas
1311 2669 1433 2752 smgum

391 2754 602 2836 proprietates,
633 2761 664 2812 et
694 2751 830 2829 metalla,
856 2763 889 2813 et
920 2754 1182 2834 opportunitatem
1217 2753 1433 2837 Amphipolis:

391 2859 457 2920 que
471 2838 592 2920 objecta
606 2837 721 2899 claudit
736 2856 844 2899 omnes
868 2839 906 2898 ab
931 2839 1047 2900 oriente
1071 2841 1136 2902 sole
1159 2842 1190 2901 in
1213 2839 1434 2903 Macedonium

390 2925 501 2986 aditus.
545 2922 686 2985 Secunda
708 2937 779 3005 pars
802 2924 1014 2986 celeberrimas
1036 2925 1137 3005 urbes,
1150 2923 1387 2988 'llressalonicen
1403 2939 1438 2989 et

292 3021 294 3028 “
382 3009 617 3087 ‘Cassandriam
641 3009 754 3086 habet3
783 3010 822 3071 ad
848 3011 908 3072 hoe
934 3009 1086 3091 Pallenen,
1114 3013 1241 3075 fertilem
1256 3031 1292 3074 ac
1307 3011 1436 3096 frugile-

392 3116 458 3162 ram
473 3109 607 3160 terrama
642 3095 812 3157 maritimas
838 3113 957 3178 quoque
980 3099 1224 3180 opportunitates
1247 3098 1276 3161 ei
1298 3093 1437 3184 praebent

820 3215 863 3269 ¹'et
873 3220 918 3269 del.
926 3215 999 3271 Gran.

423 3333 735 3447 ⁴⁵Sneeujrrrpurregtorir]
761 3335 898 3397 Pothusur,
930 3338 1025 3386 omuino
1045 3339 1145 3400 mati,
1166 3353 1251 3404 nempe
1265 3339 1310 3404 iprl
1327 3325 1439 3392 musae

389 3401 466 3465 lnquit
478 3401 614 3448 Gronovira
670 3399 700 3448 id.
718 3413 786 3465 sapn
797 3401 813 3450 l.
827 3417 899 3452 rrr.e.
932 3415 982 3450 nes.

391 3467 602 3516 Rectum.
616 3467 652 3514 17.
963 3465 1085 3516 suram
1101 3468 1195 3532 sarith]
1225 3469 1329 3517 Fortasse
1349 3469 1437 3535 serlpdr

423 3530 533 3593 “Nepae
565 3529 705 3585 mimum,
736 3543 807 3592 nequ
838 3545 898 3578 eun-
931 3533 1008 3580 Utlns
1018 3536 1097 3581 dirim
1130 3533 1176 3580 Sed
1187 3546 1265 3582 tamen
1284 3549 1331 3586 tam
1346 3536 1439 3584 videtur

389 3596 509 3658 marr]
531 3595 583 3642 Jnn
600 3595 655 3641 olim
671 3595 751 3642 similis
769 3595 806 3642 ler
823 3597 899 3643 ello-
930 3599 977 3645 diel
998 3611 1062 3662 posse
1081 3597 1144 3659 regio
1163 3599 1346 3662 debuissem»,
1367 3614 1438 3664 qoam

391 3661 465 3708 ments
481 3661 543 3709 tllete
561 3660 652 3707 latinis*
665 3669 690 3707 et
709 3660 826 3716 Hennes,
842 3669 900 3710 utri.
931 3663 992 3710 rihtet
1000 3663 1168 3725 soeillirnrrscd
1179 3667 1363 3728 onopradon,
1382 3681 1442 3730 φ».

379 3725 532 3776 lhrmd.
676 3751 680 3760 ·
825 3768 831 3775 .
874 3768 878 3775 .
932 3727 1001 3775 modo
1018 3726 1109 3776 locotus
1126 3741 1163 3776 est
1174 3729 1293 3787 Cicerei.
1306 3745 1335 3780 rr.
1347 3732 1377 3780 de
1387 3731 1442 3784 mn.

425 3792 447 3827 ⁴⁷
464 3789 520 3836 Salis
551 3791 700 3852 mouendum
728 3787 799 3852 datu]
842 3789 898 3838 Pet·
932 3793 1005 3841 (λθ.
1462 3809 1467 3817 “

388 3853 454 3903 rolris
480 3853 594 3901 Dirdaais
613 3853 687 3930 salem
705 3867 734 3901 ex
762 3853 900 3902 Macedouis
962 3856 1030 3905 ”Et
1048 3875 1064 3906 a
1081 3873 1107 3906 es
1125 3861 1172 3919 iper
1200 3875 1289 3922 queque
1316 3869 1441 3924 arama

392 4047 433 4094 nbl
450 4049 559 4096 nimirum
576 4050 675 4096 maxims
692 4049 824 4113 ralir·eopia
841 4060 899 4106 erat,
927 4053 1026 4099 enetrid
1037 4051 1208 4116 ert,qusmsibi
1220 4054 1266 4118 ipra
1278 4057 1440 4120 quequepts

392 4124 419 4159 ut
440 4113 521 4162 Stobos
541 4114 691 4171 deveherent,
710 4116 769 4177 quod
791 4115 897 4179 oppidum
929 4115 1055 4166 sufficeret.

381 4177 452 4225 head
464 4175 830 4243 proculrberataDardaitorum
846 4179 897 4228 lini-
962 4180 1065 4230 ”Trans
1093 4179 1185 4230 Nessum
1215 4196 1300 4230 mm
1325 4184 1442 4252 hedure]

389 4241 441 4291 bur.
878 4244 882 4250 ’
929 4243 1047 4294 lmoeitra
1059 4245 1315 4312 umentique
1325 4249 1442 4298 Macedo·

421 4307 446 4341 ⁴⁸
457 4303 494 4353 lta
510 4307 580 4354 plebi
595 4303 702 4370 hoerata]
737 4307 806 4356 Nihil
824 4309 897 4357 estad
928 4309 990 4356 niam
999 4311 1113 4375 respicias,
1129 4311 1265 4361 erilem
1279 4327 1383 4380 quaque,
1400 4313 1443 4364 att

390 4372 452 4433 qud
471 4369 553 4418 ret'erri
570 4373 641 4433 possit
656 4372 687 4420 τὸ
697 4375 812 4422 laenate·
834 4374 896 4436 lsesse
928 4373 1132 4427 temeritates.
1398 4395 1409 4403 ·’
