3184 5225
482 315 904 439 nsxnngcnirnn.
1163 361 1205 415 ss

154 523 235 591 ratio
262 523 332 601 suit,
359 518 589 583 admittentibus
618 515 782 592 neminem,
812 524 847 574 ut
873 511 957 576 fama
983 517 1138 571 mortuum
1167 507 1200 569 in
1214 514 1350 565 uasto.

153 614 263 678 Asiam
290 606 444 691 perterret.
486 603 610 667 Attalus
640 620 759 683 quoque
789 598 926 675 celerius,
956 615 1045 677 quarn
1072 594 1199 674 dignum
1212 577 1350 693 ἄκη

155 695 322 763 concordia
335 694 558 766 internectat,
574 686 712 751 credidit.
726 704 800 747 narn
822 695 854 743 et
879 703 948 743 curn
971 702 1065 743 uxore
1087 678 1199 757 fratris,
1210 708 1285 759 ,gc-,g

153 798 188 848 et
212 781 357 867 praelecto
381 778 454 854 arci,
478 788 635 855 tamquam
657 770 723 853 jam
749 768 833 830 haud
856 766 962 827 dubius
985 765 1070 845 regni
1095 766 1200 843 hares,

155 882 204 934 cst
234 869 365 931 locutus.
420 864 494 935 Quae
522 870 630 943 postea
666 876 728 918 non
763 852 896 915 fefellere
928 850 1118 913 Eumenem:
1157 862 1201 929 et,

157 974 343 1039 quamquam
358 948 545 1015 dissimulare
560 956 593 1007 et
606 943 700 1007 tacita
715 940 827 1001 habere
843 938 875 1001 id
895 937 1019 1019 patique
1043 947 1203 1014 statuerat,

159 1042 311 1107 tamenin
327 1039 426 1121 primo
450 1053 611 1116 congressu
635 1049 697 1091 non
721 1022 911 1106 temperavit,
932 1022 1006 1103 quin
1028 1022 1132 1083 uxoris
1145 1042 1201 1104 pe-

157 1128 259 1191 tenda
283 1137 494 1208 praematuram
517 1116 742 1181 festinationem
762 1109 847 1171 fratri
870 1106 1025 1190 objiceret.
1070 1106 1203 1174 Romam

158 1234 279 1295 quoque
294 1212 379 1273 sama
394 1210 432 1272 de
447 1218 545 1271 morte
560 1202 704 1267 Eumenis
720 1197 838 1285 perlata
851 1204 908 1259 eat.

176 1296 304 1369 ,xvlh
325 1295 390 1359 Sub
414 1296 495 1357 idern
515 1305 635 1375 tempus
656 1288 692 1354 C.
707 1286 846 1353 Valerius
867 1305 907 1353 ex
929 1281 1056 1368 Graecia,
1083 1290 1135 1372 qui
1156 1289 1201 1351 le·

156 1397 245 1468 gaurs
262 1384 302 1446 ad
317 1381 474 1445 visendum
489 1391 602 1443 statum
622 1378 753 1461 regionis
775 1376 840 1459 ejus
861 1378 1106 1460 speculandaque
1127 1397 1202 1439 cou-

159 1472 229 1533 silia
243 1470 344 1533 Persei
359 1468 437 1551 regis
453 1468 562 1530 rnissus
580 1478 657 1543 erat,
683 1464 794 1541 rediit3
818 1465 1075 1545 congruentiaque
1098 1462 1202 1525 onmia
1214 1472 1288 1522 tnta
1298 1486 1349 1525 res·

158 1557 335 1619 criminibus
350 1557 390 1617 ab
404 1554 542 1617 Eumene
557 1552 667 1615 adlatis
688 1550 846 1616 referebat.
868 1551 957 1613 simul
979 1562 1011 1613 et
1034 1549 1202 1612 adduxerat
1212 1538 1323 1587 ΜΦ
1411 1572 1416 1582 ·

157 1664 261 1707 aecum
278 1642 374 1705 Praxo
390 1663 409 1703 a
423 1638 562 1723 Delphis,
581 1637 666 1720 cujus
681 1637 789 1701 domus
809 1637 1033 1720 receptaculum
1049 1636 1201 1699 latronum
1213 1602 1359 1719 ἔξω

158 1728 269 1808 fuerat,
284 1726 361 1793 eth.
377 1728 551 1791 Rammium
566 1722 792 1804 Brundisinum,
816 1724 868 1805 qui
888 1723 959 1785 talis
984 1722 1088 1785 iudicii
1115 1722 1201 1784 dela·

158 1826 208 1877 tor
223 1828 301 1879 erat.
344 1814 488 1897 Princeps
513 1810 665 1875 Brundisii
691 1812 849 1875 Rammius
864 1810 943 1886 fuit3
973 1809 1108 1891 hospitio
1123 1822 1310 1889 quo-Penes·
1326 1836 1369 1886 per

157 1914 262 1985 quaet
277 1902 370 1964 duces
392 1901 548 1965 Romanos
563 1920 679 1977 omnes,
705 1910 737 1961 et
759 1899 879 1980 legatos
893 1908 1066 1958 exterarum
1081 1915 1201 1976 quoque
1213 1889 1320 1966 ΜΞ*

158 1989 297 2069 gentium
313 1988 458 2070 insignes,
474 1987 624 2070 praecipue
640 1986 749 2068 regios,
775 1984 955 2066 accipiebat.
979 2004 1019 2045 ex
1039 2005 1077 2047 eo
1091 1981 1202 2043 notitia
1214 1966 1356 2068 ffllirm

157 2075 185 2136 ei
200 2095 273 2137 cum
288 2074 412 2136 absente
428 2073 537 2136 Perseo
553 2072 671 2136 luerat:
702 2071 856 2153 literisque
880 2090 967 2153 spem
993 2068 1135 2132 amicitia
1155 2068 1202 2129 in·
1215 2084 1284 2133 Rom.

158 2160 280 2224 terioris
294 2180 471 2243 magnaque
486 2160 557 2221 inde
582 2160 708 2222 fortuuae
732 2158 924 2236 facientibus,
945 2156 986 2217 ad
1011 2176 1115 2237 regem
1130 2175 1203 2239 pro·

157 2246 270 2325 fectus,
284 2246 366 2309 brevi
382 2245 593 2329 perfamiliaris
607 2245 723 2323 haberi,
743 2244 895 2324 trahique,
919 2243 1017 2324 magis
1037 2264 1127 2324 quarn
1142 2245 1206 2306 rel·

157 2332 215 2407 let,
237 2332 271 2393 iu
292 2353 417 2395 arcanos
443 2352 596 2393 sermones
622 2343 669 2393 est
692 2342 822 2413 coeptus.
866 2327 1024 2391 Promissis
1049 2331 1132 2391 eninr
1156 2330 1204 2392 in·

159 2416 305 2499 gentibus
324 2418 451 2498 praemiis
471 2429 573 2498 petere
599 2416 708 2479 institit
724 2416 763 2476 ab
778 2436 817 2476 eo
831 2436 896 2493 rex,
911 2416 921 2447 ‘
936 2414 1089 2485 Quoniam
1111 2416 1203 2480 duces

158 2502 173 2535 ‘
189 2522 296 2565 omues
307 2502 456 2582 legatique
476 2502 606 2564 Romani
618 2501 753 2584 hospitio
764 2500 829 2583 ejus
840 2502 886 2562 uti
895 2501 1082 2579 manassent,
1093 2502 1203 2593 quibus

157 2586 291 2650 ‘eorum
311 2589 375 2670 ipse
391 2588 569 2671 scripsisset,
592 2600 627 2652 ut
646 2608 795 2650 venenum
820 2586 955 2650 dandum
969 2602 1100 2652 curaret.
1116 2588 1202 2672 cujus

156 2673 261 2737 ‘scire
276 2695 310 2736 se
326 2676 584 2756 comparationem
594 2675 756 2757 plurimum
766 2675 955 2736 difficultatis
964 2685 997 2737 et
1007 2675 1131 2758 periculi
1143 2679 1200 2740 ha·

155 2760 167 2793 ‘
180 2762 263 2838 bere,
270 2760 406 2842 pluribus
411 2761 839 2844 consciiscomparari.eveutu
844 2762 1112 2843 pratereaiucerto
1122 2784 1201 2846 esse,

155 2847 168 2882 ‘
182 2850 209 2886 ⁵⁶
222 2859 257 2908 ut
267 2857 322 2908 aut
332 2846 407 2908 satis
418 2847 553 2909 efficacia
568 2848 608 2909 ad
623 2867 687 2909 reru
699 2847 915 2928 peragendam,
929 2858 983 2910 aut
998 2860 1065 2911 tuta
1079 2850 1120 2911 ad
1134 2872 1201 2916 rem

157 2931 345 2996 ‘celandam
369 2930 487 2994 dentur.
528 2930 568 2994 Se
585 2932 737 3009 daturum,
763 2932 845 3014 quod
865 2952 922 2996 nee
944 2934 976 2995 iu
1000 2934 1114 3015 dando,
1140 2957 1198 3002 uec

155 3017 167 3052 ‘
182 3018 300 3096 datum,
318 3018 379 3080 ullo
393 3019 482 3100 signo
498 3018 643 3101 deprendi
659 3017 782 3100 posset!
805 3017 973 3098 Rammius,
981 3023 1093 3086 veritus
1107 3043 1156 3102 ue,
1170 3025 1197 3088 si

156 3104 321 3181 abnuisset,
335 3104 451 3186 primus
465 3105 530 3187 ipse
544 3105 650 3166 veneni
666 3105 908 3187 experimentum
930 3119 1021 3185 esset,
1047 3107 1196 3172 facturum

142 3189 311 3271 pollicitus
337 3189 547 3270 proficiscitur.
577 3211 633 3252 nec
658 3189 854 3252 Brundisium
880 3178 1079 3272 arrre'redire,
1104 3216 1196 3277 quam

158 3287 310 3336 convento
345 3273 381 3336 C.
410 3273 533 3340 Valerio
567 3276 680 3357 legato,
713 3277 763 3356 qui
800 3277 882 3338 circa
916 3277 1095 3342 Chalcidem
1129 3302 1197 3344 essa

157 3359 328 3436 dicebatur,
352 3360 455 3424 voluit.
498 3361 548 3424 Ad
574 3382 643 3424 eurn
673 3362 803 3442 primum
832 3362 946 3424 iudicio
975 3363 1090 3442 delato,
1107 3364 1195 3447 jussa

155 3443 221 3527 ejus
237 3444 368 3506 Romam
381 3446 470 3508 simul
483 3447 576 3510 venit.
622 3445 814 3510 introductus
841 3444 1013 3529 incuriam,
1036 3470 1102 3531 quae
1123 3464 1194 3518 acta

151 3542 249 3608 eraut,
264 3532 414 3614 exposuit.

194 3615 313 3679 XVlll.
334 3615 410 3678 Haec
424 3617 464 3680 ad
478 3638 526 3696 ea,
541 3641 606 3701 quoe
621 3621 659 3681 ab
682 3619 819 3684 Eumene
843 3623 946 3688 delata
960 3639 1063 3708 erant,
1089 3652 1192 3697 acces-
1205 3646 1300 3700 Prraur
1309 3650 1371 3702 bel:-

153 3722 229 3780 seoe,
245 3722 306 3783 quo
320 3704 467 3766 maturius
482 3705 579 3768 hostis
592 3704 715 3770 Perseus
736 3706 946 3789 judicaretur:
976 3716 1086 3798 quippe
1101 3739 1191 3799 quem
1204 3712 1252 3763 ¹⁰⁰¹
1262 3716 1287 3766 in
1298 3711 1361 3770 Pet-¹

150 3809 213 3850 non
235 3786 353 3869 justum
382 3789 475 3852 modo
501 3791 647 3873 adparata
673 3793 784 3856 bellurn
814 3797 898 3878 regio
921 3800 1034 3879 animo,
1058 3803 1113 3864 sed
1137 3793 1250 3888 per⁸⁸⁸⁸

150 3874 256 3936 omnia
275 3874 463 3938 clandestina
484 3879 614 3958 grassari
637 3878 752 3942 scelera
776 3880 1001 3948 latrociniorum
1026 3908 1062 3949 ac
1077 3892 1193 3954 venefi-

150 3960 269 4020 ciorum
295 3963 468 4024 cernebant.
512 3961 591 4025 Belli
614 3965 835 4030 administratio
861 3971 901 4032 ad
929 3992 1024 4033 novos
1050 3979 1197 4043 consules*

149 4043 268 4141 rejecta
293 4058 357 4109 est:
378 4049 410 4109 in
437 4050 598 4131 praesentia
622 4060 724 4112 tamen
755 4051 813 4115 Cn.
842 4051 990 4118 Sicinium
1019 4073 1188 4147 praetorem,

147 4149 235 4210 cujus
258 4131 337 4194 inter
350 4133 430 4195 cives
453 4145 485 4196 et
499 4136 672 4218 peregrinos
692 4135 866 4218 jurisdictio
889 4155 964 4222 erat,
986 4147 1114 4210 scribere
1128 4153 1188 4213 nri·

148 4215 217 4280 lites
247 4218 382 4300 placuit3
407 4221 470 4302 qui,
499 4219 693 4285 Brundisium
719 4223 813 4305 ducti,
837 4227 936 4310 primo
963 4251 1083 4314 quoquc
1105 4248 1186 4300 tem.

113 4377 115 4380 -
175 4345 197 4380 ⁵⁰
212 4347 461 4416 Utautsatr'rgfficacr‘c
476 4355 506 4402 ad
525 4371 570 4405 rear
585 4373 650 4419 prro·
682 4359 741 4408 Esar
768 4360 832 4410 delet
858 4362 990 4412 Gronovius
1014 4364 1040 4413 iu
1061 4371 1190 4430 porurim

139 4413 243 4474 genam,
269 4425 310 4464 sut
337 4425 388 4466 tuto
413 4419 444 4466 ad
469 4435 514 4467 rtur
539 4422 652 4472 ulandans
681 4425 795 4474 membro.
830 4427 895 4476 lderu
919 4429 998 4478 mallet
1023 4445 1123 4494 quoque,
1144 4449 1189 4488 m

140 4475 348 4612 mpighhmn
359 4493 395 4533 est
406 4484 513 4549 repetitio
523 4488 585 4536 roci·
596 4504 650 4542 rem.
680 4491 731 4541 riae
743 4490 910 4558 murmura,
922 4503 1005 4555 tutan,
1012 4495 1086 4563 detur..

276 4567 323 4614 IV·
711 4577 733 4623 Ι
819 4572 822 4577 ’
