3184 5225
488 356 566 417 mn.
579 358 674 417 XLV.
692 356 775 415 (MP.
789 355 875 415 XVI.
1028 373 1033 377 ·
1153 361 1211 417 las

156 520 265 574 monte
293 510 416 573 Albano
450 510 602 575 dedicavit
636 510 842 593 quinquennio
876 520 958 593 post,
988 530 1080 592 quam
1116 510 1210 573 vovit.

159 596 289 660 namen
320 595 474 663 Martialis
508 598 705 681 inaufflrratus
736 608 782 659 est
812 619 850 660 eo
872 617 954 659 anno
974 594 1011 658 L.
1036 596 1210 658 Postumius

158 682 303 745 Albinus.

206 767 294 831 XVl.
316 769 356 839 Q.
371 766 468 847 AElio,
492 766 540 831 M.
565 766 660 832 Junio
687 769 860 833 consulibus
883 768 921 830 de
943 767 1106 850 provinciis
1132 769 1210 830 refe·
1224 780 1368 836 [natm.

164 856 314 933 sentibus,
329 858 471 917 censuere
497 854 611 933 Patres,
633 858 708 918 duas
723 855 893 937 provincias
909 852 1091 935 Hispaniam
1111 876 1212 916 rursus
1224 851 1256 897 A
1266 849 1364 927 03167.

162 941 243 1017 fieri,
258 962 325 1021 quse
340 962 403 1003 uns
421 962 476 1023 per
503 941 615 1003 bellum
642 941 880 1003 Macedonicum
906 941 1027 1001 luerat:
1051 953 1084 1002 et
1105 939 1212 1003 Mace·
1225 913 1371 1029 fflffl

163 1025 292 1089 doniam
321 1026 533 1111 illyricumque
558 1028 694 1103 cosdcrn,
720 1026 756 1088 1..
782 1026 919 1087 Paullum
945 1037 977 1087 et
1000 1023 1036 1087 L.
1059 1026 1214 1105 Anicium,
1227 1044 1360 1094 pessimius·

165 1113 317 1189 obtinere,
333 1114 431 1175 donec
452 1113 490 1174 de
505 1114 658 1175 sententia
672 1113 843 1193 legatorum
858 1123 891 1172 et
905 1132 954 1173 res
968 1112 1049 1174 bello
1066 1115 1214 1191 turbatas,
1234 1190 1237 1193 q

165 1201 195 1247 7·
209 1209 242 1259 et
278 1210 393 1261 statum
431 1198 522 1260 alium
553 1197 617 1279 ejus
644 1199 728 1280 regni
764 1197 926 1258 formando
963 1200 1215 1280 composuissent.

167 1283 353 1347 Consulibus
380 1284 453 1347 Pisae
478 1296 511 1346 et
534 1282 636 1346 Gallia
659 1285 789 1367 decreta
810 1286 836 1330 ⁷¹
851 1304 920 1344 cum
943 1283 1022 1344 binis
1047 1284 1215 1365 legionibus

169 1370 321 1453 pediturn,
362 1382 394 1432 et
427 1371 564 1451 equiturn
593 1369 872 1451 quadringentenis.
928 1368 1091 1431 Pratorum
1120 1381 1217 1432 sortes

173 1457 271 1534 luere,
297 1457 336 1527 Q.
361 1456 460 1518 Cassii
478 1457 605 1533 urbana,
630 1455 677 1517 M.
691 1455 850 1518 Juventii¹
873 1453 1000 1516 'llralnae
1024 1456 1103 1518 inter
1128 1476 1217 1538 pere·

172 1543 288 1623 grinos,
317 1540 369 1605 Ti.
396 1541 517 1604 Claudii
547 1541 677 1604 Neronis
704 1539 822 1620 Sicilia,
852 1539 911 1602 Cn.
942 1540 1038 1602 Fulvii
1067 1540 1219 1624 Hispania

171 1628 308 1707 citerior,
336 1624 373 1690 C.
398 1626 508 1690 Licinii
537 1626 644 1690 Nervae
672 1628 808 1689 ulterior.
851 1626 890 1688 Α.
914 1626 1035 1689 Manlio
1060 1626 1220 1709 Torquato

174 1710 317 1775 Sardinia
331 1716 504 1777 obvenerat.
528 1716 645 1796 nequiit
668 1715 712 1777 ire
739 1714 770 1775 in
795 1713 993 1795 provinciam,
1017 1714 1056 1775 ad
1072 1736 1119 1777 res
1133 1716 1220 1798 capi·

174 1800 253 1863 tales
269 1801 444 1883 quaerendas
467 1821 506 1862 ex
532 1800 794 1863 senatusconsulto
821 1809 966 1861 retentus.
1010 1798 1059 1861 De
1073 1801 1220 1884 prodigiis
1232 1813 1345 1876 Prodigia.

174 1884 288 1948 deinde
329 1888 480 1949 nunciatis
510 1900 632 1949 senatus
663 1898 711 1948 est
740 1885 905 1948 consultus.
956 1882 1054 1947 AEdes
1082 1886 1220 1950 Deorum

176 1969 336 2034 Penatium
352 1974 382 2034 in
396 1971 486 2035 Velia
501 1974 539 2035 de
554 1974 632 2035 coelo
649 1984 734 2035 tacta
749 1985 836 2033 erat:
858 1983 891 2033 et
917 1972 948 2033 in
971 1973 1088 2053 oppido
1102 1971 1221 2035 Miner-

174 2058 227 2120 vio
251 2060 317 2120 duae
331 2070 426 2142 portae
440 2072 472 2122 et
487 2060 564 2121 nruri
580 2060 779 2140 aliquantum.
812 2058 960 2139 Anagniae
983 2068 1065 2119 terra
1083 2060 1223 2141 pluerat;

172 2155 210 2206 et
224 2142 349 2207 danuvii
370 2145 423 2207 fax
447 2147 478 2207 in
502 2146 580 2207 coelo
603 2145 667 2207 visa
692 2156 778 2222 erat3
804 2156 837 2206 et
860 2142 1025 2205 ⁷²Calatiae
1049 2145 1081 2205 in
1100 2146 1223 2227 publico

179 2250 255 2311 agro
270 2229 317 2292 M.
332 2229 471 2293 Valerius
486 2233 559 2293 civis
574 2230 732 2293 Romanus
753 2231 919 2292 nunciabat
941 2250 958 2290 e
981 2229 1052 2291 loco
1074 2252 1129 2293 suo
1151 2252 1223 2293 san·
1248 2278 1253 2289 .

176 2317 304 2397 guinem
321 2338 374 2399 per
388 2318 521 2379 triduum
537 2330 570 2379 et
585 2316 660 2379 duas
671 2328 777 2379 noctes
793 2336 943 2377 manasse.
979 2315 1030 2377 Ob
1045 2317 1077 2377 id
1093 2318 1226 2379 maxime

181 2402 345 2464 decemviri
360 2403 453 2464 libros
477 2404 559 2465 adire
579 2402 666 2484 jussi,
693 2402 947 2485 supplicationem
970 2402 1002 2463 in
1026 2402 1108 2465 diem
1133 2424 1227 2465 unum

181 2487 299 2571 populo
315 2488 485 2567 edixerunt,
501 2500 532 2551 et
546 2490 765 2571 qninquaginta
780 2489 879 2571 capris
906 2489 937 2548 in
960 2487 1027 2549 foro
1041 2488 1230 2551 sacrificave-

183 2586 267 2636 runt.
291 2584 322 2636 et
342 2574 469 2638 aliorum
494 2576 701 2659 prodigiorum
727 2594 835 2636 caussa
858 2574 939 2636 diem
962 2574 1090 2637 alterurn
1115 2577 1230 2659 suppli-

185 2661 268 2723 catio
282 2662 364 2722 circa
376 2663 479 2723 ornnia
494 2662 662 2744 pulvinaria
677 2662 745 2739 fuit,
765 2673 796 2722 et
813 2662 919 2723 hostiis
934 2660 1099 2744 majoribus
1114 2661 1230 2724 sacrifi-

186 2757 290 2809 catum
313 2759 370 2827 cst,
385 2759 417 2810 et
431 2751 458 2794 7³
469 2750 539 2809 urbs
554 2748 691 2810 lustrata.
720 2746 806 2824 lnde,
818 2747 900 2829 quod
915 2747 955 2808 ad
968 2749 1117 2810 honorem
1128 2748 1230 2810 Dellnr

189 2832 397 2896 inmortalium
413 2835 588 2916 pertineret,
605 2835 738 2896 decrevit
750 2846 883 2910 senatus,
907 2835 918 2866 ‘
934 2832 989 2912 Ut,
1004 2836 1147 2916 quoniam
1162 2857 1232 2918 per·

189 2918 329 2982 ‘duelles
355 2921 501 3002 superati,
526 2919 651 2982 Perseus
667 2933 700 2983 et
714 2919 843 2983 Gentius
858 2941 945 3001 reges
960 2941 1029 2982 curn
1045 2920 1233 2984 Macedonia

186 3003 200 3037 ‘
215 3021 306 3086 atque
323 3004 442 3090 Illyrico
458 3007 490 3068 in
506 3019 660 3088 potestate
672 3007 777 3089 populi
794 3006 927 3068 Romani
941 3019 1053 3086 essent,
1062 3019 1106 3086 ut,
1118 3021 1233 3088 quanta

189 3088 201 3122 ‘
217 3089 760 3176 dona‚Ap.Claudio‚M.Sempronio
770 3093 1232 3171 consulibus,obdevictumAn-

397 3197 410 3224 ¹
422 3190 496 3240 Mardi
506 3191 609 3241 lovanii
620 3193 694 3240 Gron.
706 3191 774 3240 Cres.
792 3192 843 3240 Μ’.
853 3191 954 3238 lunensii
964 3191 1024 3255 liup.

225 3267 252 3304 ⁷⁰
263 3265 293 3316 Et
302 3278 379 3318 datan
388 3271 458 3322 alinsn
468 3274 518 3333 qius
531 3272 607 3338 regns]
634 3273 695 3335 Lege
726 3275 779 3322 dem
790 3273 857 3336 plene
869 3273 946 3332 modo,
963 3289 1009 3334 quo
1026 3273 1113 3320 ibidem
1132 3270 1149 3318 l.
1162 3282 1234 3319 xtrr.

194 3347 249 3381 cerm
261 3333 551 3400 Sigonioutriruqusregni.
727 3354 748 3386 c.
761 3339 801 3386 21.
839 3336 904 3383 Duas
923 3337 1050 3399 legiones..
1063 3372 1069 3384 .
1081 3338 1148 3398 qunia
1164 3334 1236 3382 ndlu

227 3396 249 3434 ⁷¹
262 3397 318 3446 Cnns
336 3400 391 3448 distri
411 3402 533 3464 legionibus
555 3401 652 3462 pediturn
677 3411 698 3449 et
725 3401 825 3464 pditnrn
846 3409 867 3447 et
894 3402 987 3448 decenn
1014 3401 1121 3457 hamster,
1143 3409 1236 3446 temnas

188 3461 502 3529 eprdnmqnadringentenis]
533 3465 597 3515 llaec
617 3466 698 3514 mutila
728 3466 817 3528 equitas.
850 3464 915 3512 Idem
938 3481 1049 3513 numerus
1068 3473 1162 3512 umatus
1183 3474 1235 3511 tsn-

193 3527 329 3576 essecuinis
349 3530 475 3578 attendenti
494 3541 565 3595 perer.
597 3531 698 3580 Deside·
730 3545 799 3593 qusm
809 3540 887 3577 vetere
897 3529 1004 3578 instituto
1022 3530 1147 3592 assignatus
1161 3527 1235 3591 legio·

192 3590 446 3644 mturenimnbmsnrs
456 3595 567 3659 peditum.
601 3595 699 3644 I’roeter·
729 3594 883 3659 nibus,suprs
893 3593 910 3644 i.
923 3607 989 3644 xurr.
1000 3612 1022 3643 c.
1032 3597 1073 3644 31.

192 3671 222 3704 es
239 3658 314 3706 multo
332 3659 436 3707 usitatim
452 3661 575 3708 sardicese
591 3663 699 3724 quadrin·
762 3659 785 3697 ⁷²
798 3659 888 3707 Calatia
902 3661 926 3707 in
942 3660 1029 3721 publica
1046 3674 1104 3719 agro
1121 3657 1158 3704 M.
1171 3657 1237 3705 Vale·

191 3737 258 3786 germ
289 3739 357 3786 quarn
385 3725 586 3788 quadringentenos.
629 3724 700 3788 Equi·
730 3726 778 3772 rius
799 3726 852 3772 einis
879 3721 988 3771 Marianus
1014 3724 1133 3772 nunciabat
1154 3738 1166 3770 s
1181 3724 1237 3785 soeo
1297 3723 1301 3729 '

196 3798 245 3834 narn
265 3791 424 3852 quadringenis
445 3804 536 3852 quoque
558 3805 600 3856 pm
619 3793 699 3852 equiti·
730 3788 780 3852 sira]
810 3787 899 3838 Calatis
910 3799 960 3837 esst
972 3790 1025 3837 urbs
1036 3787 1178 3852 Campaniae,
1194 3802 1237 3834 cu·

198 3849 238 3897 lus
258 3853 414 3916 quadringenis
434 3867 481 3902 non
501 3853 584 3919 placer.
623 3855 699 3902 Deni·
730 3857 768 3917 jur
791 3870 854 3916 sger,
875 3856 1066 3918 quemadmodum
1095 3867 1120 3900 et
1144 3852 1239 3918 Caput,

193 3929 243 3976 que
277 3931 387 3964 numerus
419 3918 468 3982 ipse
495 3921 699 3982 quadringenorum
747 3919 837 3970 ublicus
854 3921 927 3969 iactus
944 3920 1023 3970 iuerat
1039 3917 1235 3982 populiRomsni.

197 3979 302 4054 eqqitum
330 3983 353 4029 iu
378 3983 476 4044 singulas
503 3985 604 4044 legiones
629 3985 700 4034 nimio
731 3938 756 4033 ls
768 3985 836 4046 igitur
845 4002 898 4047 ager
909 3984 1019 4034 fruendus
1036 3983 1157 4032 locsbstur
1173 3982 1237 4030 toio-

193 4057 270 4106 srrsqos
284 4045 382 4104 ridetur,
397 4065 468 4110 quum
488 4049 646 4099 Macedonicis
664 4051 700 4099 le·
731 4051 768 4098 nis
783 4068 797 4098 s
812 4051 950 4100 censoribm.
985 4051 1022 4098 M.
1032 4049 1140 4098 Valerius
1149 4049 1178 4096 de
1190 4063 1237 4110 quo

195 4107 346 4173 simusque
361 4128 416 4160 sem
427 4113 497 4162 millis
515 4117 616 4177 peditum
628 4117 699 4164 hsbe·
730 4114 769 4163 bic
785 4115 868 4176 agitur,
882 4131 943 4164 uuus
963 4115 1070 4163 videlicet
1087 4126 1135 4164 erat
1156 4129 1186 4162 ex
1206 4113 1235 4161 iis

193 4173 259 4252 bant,
278 4187 385 4225 trecenos
404 4183 565 4229 tautummodo
587 4181 698 4230 haberent
731 4181 770 4243 qui
781 4180 879 4243 aliquam
894 4192 983 4246 pneris
999 4182 1071 4245 buJus
1088 4179 1171 4244 publici
1187 4179 1237 4240 egri

195 4252 296 4302 esquier,
315 4253 342 4289 ut
363 4255 454 4292 coastat
474 4260 502 4292 ex
522 4257 593 4295 nutv.
615 4263 637 4296 c.
656 4249 697 4296 st.
730 4248 894 4294 conduxerant.

194 4317 270 4366 supra.
300 4303 375 4356 Totus
394 4309 462 4370 igitur
478 4307 589 4359 biclocus
598 4313 632 4361 sic
650 4313 697 4360 lor·
763 4311 786 4347 ⁷³
800 4310 856 4359 Urbs
875 4311 981 4374 lustrata]
997 4308 1141 4359 Amburbisli
1162 4323 1236 4368 sacro,

191 4375 255 4415 tasse
276 4373 433 4421 emendandus
452 4387 503 4422 ess:
523 4391 573 4423 curn
593 4378 649 4425 linis
667 4377 698 4424 lc·
730 4376 759 4424 ds
777 4391 824 4438 quo
842 4390 910 4438 suprs
926 4374 943 4421 l.
957 4388 1011 4424 xxi.
1022 4392 1044 4426 c.
1056 4377 1096 4426 62.
1108 4375 1159 4423 etl.
1172 4385 1237 4423 narr.

188 4433 293 4494 glossibus
308 4439 377 4498 quina
393 4439 463 4486 millia
479 4440 576 4501 pediturn
591 4450 612 4489 st
632 4443 696 4490 dure·
729 4455 751 4491 c.
763 4441 803 4491 20.
835 4440 889 4493 VM,
901 4440 932 4490 ibi
942 4451 1002 4492 nott.

192 4509 231 4545 πω
255 4496 387 4560 munnio,
413 4505 494 4567 equites
517 4511 617 4555 trecentos.
651 4505 698 4554 Eo·
