3184 5225
464 364 543 425 LIB.
563 362 660 423 XLII.
681 363 763 423 cnP.
783 363 927 424 XXVIII.
1170 372 1213 433 57

156 518 347 583 auctoritate
371 526 493 579 senatus
517 516 554 581 C.
576 516 708 581 LIcinius
732 530 843 602 praetor
862 518 977 596 scribit,
1002 528 1088 582 utet
1111 518 1208 601 legio·
1220 536 1364 592 Mssa

160 626 233 669 nem
264 604 442 682 secundam,
472 624 537 685 quse
563 606 696 667 maxime
721 618 865 669 veterana
886 607 919 667 in
943 604 1103 687 Liguribus
1131 604 1293 684 autA-⁰·
1305 604 1361 654 17²·

159 694 189 733 ⁸⁸
200 705 234 755 et
244 692 365 753 socios¹
380 689 484 753 Latini
500 692 633 753 nominis
642 702 656 730 ¹
670 704 800 773 quatuor
812 692 909 753 millia
921 691 1071 775 peditum,
1093 692 1208 753 ducen-

163 789 212 840 tos
228 779 344 858 equites
360 775 464 839 Idibus
480 775 650 839 Februariis
669 776 823 839 Brundisii
840 778 945 839 adesse
964 776 1096 858 juberet.
1139 776 1209 840 Hac

162 864 262 925 classe
284 874 316 925 et
330 864 390 924 hoc
414 864 549 925 exercitu
565 862 624 924 Cn.
639 860 770 924 Sicinius
793 863 978 944 provinciam
993 862 1209 927 Macedoniam

162 950 313 1027 obtinere,
338 948 435 1011 donec
459 968 613 1011 successor
631 949 758 1025 veniret,
777 947 891 1029 jussus,
913 961 1077 1031 prorogato
1100 950 1132 1011 io
1155 970 1210 1011 an-

163 1033 611 1203 tt¹mt⁰tl.q.ltt.t¹lt
631 1034 1211 1201 ttttttttttltlttttf‘tt

162 1206 283 1269 docte:
310 1207 361 1287 qui
389 1206 552 1269 deduceret
577 1227 629 1269 eas
648 1204 855 1283 Brundisium,
878 1204 916 1267 L.
942 1202 1064 1267 Porcios
1087 1203 1211 1267 Licinus

163 1292 361 1375 praepositus:
392 1292 553 1354 duodecim
582 1312 623 1353 ex
652 1289 758 1353 Sicilia
787 1292 895 1352 missae.
947 1289 998 1351 Ad
1025 1289 1212 1351 stramentum

160 1378 252 1439 classi
279 1378 485 1461 exercituique
515 1376 714 1439 coemendum
744 1377 776 1438 in
806 1375 949 1458 Apuliam
978 1374 1211 1461 Calabriamque
1237 1412 1244 1419 -

163 1476 227 1525 tres
241 1463 334 1543 legati
357 1464 452 1541 missi,
475 1460 547 1525 Sex.
566 1462 710 1543 Digitius,
731 1459 772 1521 T.
797 1460 967 1539 luventius,
988 1458 1037 1522 M.
1063 1459 1211 1523 Catilius.

165 1548 218 1611 Ad
233 1550 335 1609 omrria
357 1560 526 1631 proparate
539 1547 598 1610 Cn.
613 1546 743 1609 Sicinius
758 1558 879 1629 praetor,
900 1546 1063 1629 paludatus
1076 1568 1114 1609 ex
1136 1548 1211 1609 urbe

163 1633 332 1715 proiectus,
346 1634 541 1696 Brundisium
556 1635 649 1695 venit.

208 1716 358 1781 XXVIII.
381 1718 475 1783 Exitu
496 1740 591 1802 prope
618 1720 689 1781 anni
717 1717 753 1781 C.
777 1717 921 1803 Popillius
947 1718 1054 1781 consul
1077 1716 1209 1781 Romam

164 1804 257 1867 rediit
273 1806 430 1887 aliquanto
444 1806 550 1881 serius,
567 1826 658 1887 quam
674 1816 797 1867 senatus
812 1814 988 1867 censuerat:
1012 1806 1037 1849 ⁸⁷
1047 1805 1095 1865 eui
1109 1806 1209 1887 primo

165 1910 289 1972 quoque
316 1904 453 1973 tempore
477 1892 673 1972 magistratus
696 1891 790 1953 creari
800 1890 825 1969 ¹³,
849 1912 941 1972 quum
961 1901 1082 1953 tanturn
1097 1891 1209 1952 bellum

163 1975 338 2055 inmineret,
371 1977 488 2058 jussum
522 1990 598 2039 erat.
657 1975 775 2057 Itaque,
808 1998 875 2037 non
909 1976 1050 2053 secundis
1087 1976 1209 2037 auribus

164 2059 290 2125 Patrum
314 2063 436 2127 auditus
458 2074 505 2124 est
520 2062 636 2141 consul,
660 2083 752 2144 quum
776 2064 808 2122 in
832 2063 895 2124 ade
910 2060 1043 2123 Bellona
1068 2061 1209 2123 derebus

164 2148 196 2209 in
226 2147 386 2230 Liguribus
426 2148 519 2231 gestis
546 2150 716 2212 dissereret.
745 2148 1001 2210 subclamationes
1037 2148 1210 2226 frequentes

163 2247 251 2297 erant
265 2235 587 2318 interrogationesque,
602 2256 655 2295 cur
670 2235 781 2295 scelere
797 2234 896 2296 fratris
910 2234 1071 2315 obpressos
1082 2230 1210 2312 Ligures

164 2319 199 2381 in
213 2320 386 2382 libertatem
400 2340 462 2382 non
477 2320 679 2383 restituisset?
726 2318 860 2381 Comitia
875 2316 1055 2394 consularia,
1071 2317 1103 2379 in
1119 2338 1210 2398 quam
1222 2319 1332 2371 eman.

165 2405 273 2467 edicta
287 2418 373 2468 erant
386 2406 477 2483 diem,
500 2406 664 2469 antediem
681 2405 895 2467 duodecimum
911 2403 1065 2466 Kalendas
1080 2402 1210 2467 Martias

161 2502 240 2552 sunt
251 2492 368 2552 habita.
411 2490 513 2559 Creati
529 2492 679 2569 consules,
696 2490 729 2553 P.
742 2488 877 2551 Licinius
888 2488 1024 2566 Crassus,
1039 2486 1076 2549 C.
1087 2486 1210 2551 Cassius
1233 2488 1237 2493 ’

162 2573 334 2660 Longinus.
378 2574 499 2642 Postero
514 2578 563 2640 die
578 2588 718 2662 praetores
733 2576 818 2654 factI,
839 2574 875 2639 C.
886 2572 1037 2658 Sulpicius
1051 2570 1160 2654 Galba,
1174 2572 1210 2638 L.

163 2661 272 2724 Furius
296 2661 407 2741 Philus,
431 2663 466 2726 L.
488 2663 650 2726 Canuleius
669 2662 772 2740 Dives,
797 2661 834 2725 C.
850 2660 1009 2724 Lucretius
1031 2657 1146 2740 Gallus,
1171 2661 1209 2724 C.
1281 2688 1285 2696 ·

164 2746 310 2812 Caninius
326 2749 463 2829 Rebilus,
478 2749 513 2812 L.
525 2748 633 2812 Villius
648 2749 786 2811 Annalis.
826 2747 883 2811 His
899 2747 1072 2831 pratoribus
1087 2748 1208 2830 provin·

164 2836 217 2897 ciae
233 2835 382 2898 decretas:
407 2836 474 2898 duae
493 2835 561 2918 jure
576 2835 682 2898 Romae
697 2835 839 2912 dicendo,
862 2833 1023 2917 Hispania,
1047 2844 1081 2895 et
1093 2831 1210 2911 Sicilia,

164 2931 196 2982 et
208 2918 371 2984 Sardinia:
394 2934 430 2984 ut
443 2923 495 2983 uni
511 2943 575 2984 sors
591 2923 710 3003 Integra
725 2932 814 2997 esset,
829 2940 890 3000 quo
901 2931 1023 2981 senatus
1034 2919 1210 2982 censuisset.

163 3003 345 3068 Consulibus
360 3008 526 3090 designatis
541 3008 699 3089 imperavit
719 3019 852 3083 senatus,
878 3017 922 3083 ut,
949 3026 1010 3086 qua
1025 3005 1074 3066 die
1095 3004 1209 3086 magis·

163 3104 275 3154 tratum
291 3093 430 3171 inissent,
446 3093 552 3156 hostiis
567 3091 732 3174 majoribus
751 3093 809 3153 rite
830 3093 983 3168 mactatis,
1005 3102 1210 3172 precarentur,
1222 3099 1366 3168 vousPsp.

163 3190 211 3254 ut,
225 3179 308 3258 qnod
322 3178 435 3240 bellum
459 3180 589 3262 populus
604 3178 760 3241 Romanus
784 3179 816 3238 in
837 3178 939 3239 animo
954 3176 1082 3238 haberet
1095 3197 1209 3257 gerere,
1220 3181 1332 3234 ΜΡ·

164 3273 201 3322 ut
223 3263 255 3323 id
270 3285 445 3346 prosperum
462 3265 607 3326 eveniret.
650 3263 769 3325 Eodem
795 3264 845 3324 die
866 3262 1035 3324 ⁸8decrevit
1054 3273 1176 3322 serratus
1185 3272 1210 3338 ⁰,
1260 3328 1269 3334 .

165 3345 205 3408 C.
221 3344 365 3429 Popillius
379 3351 483 3412 consul
499 3351 584 3412 ludos
596 3370 651 3432 per
661 3349 726 3411 dies
741 3349 848 3409 decern
858 3347 929 3409 Iovi
941 3348 1059 3427 optImo
1074 3347 1210 3407 maximo

164 3446 296 3512 vosmet,
320 3435 458 3518 donaque
483 3436 565 3498 circa
580 3435 684 3496 omnia
699 3434 869 3516 pulvinaria
894 3433 970 3509 darI,
992 3432 1018 3492 si
1040 3431 1209 3513 respublica

160 3656 173 3680 e
187 3588 202 3658 ι’
216 3581 383 3696 suiprpGron.
449 3584 571 3634 *distinct
582 3595 633 3648 post
644 3585 735 3632 nominis
744 3598 794 3648 psa.
805 3582 877 3632 Dcer.
948 3579 1046 3630 leram
1057 3581 1131 3632 Grau.
1141 3579 1210 3630 Crev.

188 3659 260 3694 rum
304 3663 352 3696 rev.

194 3768 218 3804 ὕ
234 3769 266 3818 Et
286 3776 350 3822 onos
371 3772 448 3822 latini
465 3777 557 3822 nominis
576 3783 671 3838 picture
702 3785 780 3822 tamen
799 3773 885 3822 sanctii
907 3772 1045 3827 Minervam,
1065 3771 1082 3819 l.
1099 3784 1128 3820 n.
1147 3786 1168 3819 c.
1184 3774 1211 3820 4.

161 3835 350 3897 nillicpeditnm]
371 3838 431 3885 Hae
450 3851 486 3887 est
504 3851 571 3890 verus
593 3840 670 3888 lectio.
702 3851 726 3888 et
748 3841 779 3886 ibi
800 3839 954 3894 Perizonium,
977 3839 1015 3898 qui
1033 3837 1100 3884 ambo
1117 3836 1211 3899 probare

163 3898 295 3946 Gruuonsn
304 3901 348 3960 legi
361 3904 429 3964 jussit
439 3903 527 3951 mita.
560 3905 605 3952 Sed
614 3904 671 3951 nihil
703 3905 808 3952 nituntur
820 3904 902 3952 Latine
918 3901 962 3950 dici
974 3902 1041 3963 jubeo
1058 3902 1104 3948 tibi.
1138 3899 1210 3948 Cete-

162 3963 452 4029 viderurrnutstioueopus
458 3983 515 4016 esse.
532 3969 671 4017 Hocntem-
703 3985 763 4025 rum,
780 3970 835 4031 quia
852 3982 978 4033 pronomen
998 3968 1036 4014 cni
1049 3965 1138 4026 longina
1147 3966 1212 4015 abest

161 4027 243 4083 bmnr,
259 4037 353 4090 pactam
365 4032 436 4078 millia
451 4033 558 4092 peditura,
578 4032 673 4092 intelligi
703 4035 820 4080 anomine
830 4029 912 4088 corinti,
925 4032 1046 4094 interjecta
1062 4031 1132 4078 etiam
1144 4046 1212 4078 men·

161 4091 233 4140 debet
243 4107 285 4156 per
302 4095 464 4158 appositionem
479 4099 587 4160 junctum
599 4100 673 4160 primo
704 4099 768 4145 tione
777 4108 872 4154 umeris,
892 4099 962 4157 magis
975 4097 1074 4159 plsoerct
1090 4095 1146 4144 illud
1157 4112 1211 4158 pro-

162 4155 206 4214 illi,
223 4159 288 4204 eras
304 4155 381 4207 latini
397 4163 497 4208 aurinis.
529 4162 617 4210 SImilia
631 4179 672 4211 ex·
705 4169 789 4210 nornen
800 4163 880 4210 referri
890 4163 916 4209 ad
927 4173 1042 4219 senatum,
1061 4173 1085 4208 et
1099 4160 1156 4221 legi:
1173 4163 1211 4209 cui

162 4220 237 4285 ampla
248 4223 408 4287 superlusjana
419 4225 608 4277 observatasunr.
703 4230 774 4289 priam
791 4243 874 4288 quanm
895 4235 987 4288 ternpore
1003 4227 1144 4289 magistratus
1164 4241 1211 4273 cn·

191 4285 214 4323 η
232 4285 334 4338 cut...
345 4291 435 4349 jactatam
455 4292 514 4351 nar]
536 4291 581 4340 via
608 4292 672 4340 nobis
703 4293 852 4339 uri...oisurs
860 4299 914 4337 erat.

159 4352 323 4414 ¹persuademur
342 4369 374 4402 oc
394 4355 482 4404 locutor
499 4371 547 4406 eus
563 4357 626 4406 aurei
641 4357 670 4403 il·
736 4355 759 4388 ⁸⁸
775 4352 876 4402 Doerecit
894 4361 987 4410 muns,
1003 4362 1030 4400 ut
1051 4353 1077 4403 C.
1087 4354 1206 4417 Popillius]

159 4415 205 4462 lius
225 4415 267 4462 aevi
285 4418 415 4480 suipwres.
451 4421 514 4480 Lege
534 4437 596 4484 quem
617 4458 623 4471 .
641 4455 648 4470 .
663 4452 673 4468 .
703 4418 837 4482 Adjecimus
846 4417 951 4466 voculam
967 4427 993 4466 ut
1010 4422 1145 4468 saretustis
1160 4419 1210 4468 edi-

148 4479 240 4540 jasan
248 4489 307 4542 erat,
324 4483 361 4532 vel
377 4485 506 4548 qaijauns
522 4496 577 4538 erat.
610 4486 671 4534 Vide
704 4484 814 4534 tionibus.
