3184 5225
372 368 409 420 to
768 359 853 418 TlTl
872 359 974 420 Ltvlt

200 525 233 573 U.
245 523 275 574 e.
285 524 342 573 575.
368 515 584 596 relinquerent,
599 523 653 575 ut'
679 513 760 575 cives
777 513 909 577 Romani
925 515 1052 579 fiebant.
1097 513 1218 594 Postea,
1233 515 1281 578 his
1297 535 1418 598 quoque

199 589 274 643 Μ·
288 593 333 642 177
336 628 342 642 ·
368 601 552 684 imaginibus
563 599 640 682 juris
651 600 775 682 spretis,
789 602 962 682 promiscue
985 603 1050 664 sine
1073 602 1153 685 lege,
1176 603 1241 665 sine
1264 603 1369 685 stirpe,
1384 603 1415 664 in

367 688 523 750 civitatem
539 687 710 749 Romanam
726 707 781 768 per
796 687 1012 769 migrationem
1035 701 1067 751 et
1088 710 1213 751 censum
1237 691 1417 752 transibant.

367 773 469 837 ‘Haec
493 796 532 835 ne
557 783 664 854 postea
688 771 819 850 tierent}
844 776 991 856 petebant
1013 774 1118 857 legati,
1144 777 1201 838 ‘et
1216 787 1251 838 ut
1264 776 1363 838 redire
1383 777 1414 838 in

366 863 377 895 ‘
393 862 531 922 civitates
542 857 686 940 juberent
702 860 803 920 socios
812 882 822 936 3
840 860 950 922 deinde
966 875 1000 923 ut
1014 861 1080 943 lege
1092 874 1243 942 caverent,
1260 865 1287 901 ’⁸
1298 884 1337 924 ne
1349 862 1416 946 quis

366 949 377 980 ‘
392 968 482 1028 quern
498 945 629 1008 civitatis
641 945 794 1006 mutandae
804 967 912 1007 caussa
923 967 1010 1008 suum
1023 948 1148 1024 faceret,
1158 969 1234 1009 neve
1246 948 1413 1010 alienaret:

365 1035 375 1067 ‘
390 1046 434 1110 et,
449 1034 474 1094 si
489 1034 555 1114 quis
571 1031 615 1093 ita
629 1031 702 1093 civis
722 1031 880 1094 Romanus
903 1032 1001 1094 lactus
1022 1045 1104 1096 esset
1114 1037 1141 1074 ³⁰
1154 1033 1218 1096 *¹²3
1263 1031 1341 1096 Haec
1354 1035 1414 1096 inr-

365 1133 488 1201 petrata
502 1119 541 1180 ab
555 1130 674 1180 senatu.
1166 1163 1169 1172 .

408 1205 465 1267 lX.
487 1205 650 1268 Provincia
676 1203 798 1282 deinde,
823 1225 888 1286 quae
904 1205 934 1266 in
958 1206 1040 1268 bello
1066 1219 1164 1286 erant,
1194 1203 1338 1270 Sardinia
1364 1219 1412 1271 nt-

364 1314 423 1374 que
440 1290 529 1354 latria
544 1292 683 1352 decretae.
729 1289 764 1351 ln
787 1289 960 1354 Sardiniam
987 1292 1052 1355 duae
1073 1293 1209 1375 legiones
1233 1294 1323 1355 scribi
1343 1292 1412 1375 jus-

363 1402 423 1456 sae3
451 1381 545 1462 quina
559 1378 656 1438 millia
670 1377 702 1438 in
716 1376 851 1458 singulas
866 1389 898 1439 et
912 1380 1021 1440 duceni
1037 1379 1167 1462 pedites,
1194 1380 1309 1442 treceni
1324 1382 1411 1463 equi·

363 1479 429 1543 tes;
455 1477 487 1528 et
510 1465 673 1527 duodecim
698 1464 796 1525 millia
818 1465 954 1545 peditum
975 1466 1126 1528 sociorum
1143 1487 1179 1527 ac
1194 1464 1294 1528 Latini
1309 1468 1411 1528 nomi-

363 1553 421 1629 nis,
438 1565 470 1614 et
484 1552 620 1613 sescenti
635 1550 763 1630 equites,
786 1561 818 1611 et
841 1551 947 1612 decem
968 1552 1198 1635 quinqueremes
1220 1573 1322 1631 naves,
1346 1553 1409 1615 ⁴⁰si

363 1640 514 1700 deducere
538 1660 577 1700 ex
601 1638 758 1699 navalibus
779 1636 881 1698 vellet.
923 1636 1133 1700 Tantumdem
1157 1639 1296 1721 peditum
1321 1640 1409 1721 eqni·

362 1736 487 1808 tumque
506 1726 539 1786 in
563 1724 694 1802 istriam,
721 1733 867 1804 quantum
895 1723 925 1784 in
950 1722 1134 1802 Sardiniam,
1158 1725 1324 1787 decretum.
1367 1725 1409 1788 Et

362 1813 513 1894 legionem
536 1832 627 1873 unam
642 1831 713 1872 cum
737 1811 890 1891 equitibus
916 1813 1072 1890 trecentis,
1099 1823 1131 1873 et
1156 1812 1410 1894 quinquemillia

361 1900 499 1980 peditum
514 1899 677 1976 sociorum,
692 1908 725 1958 et
739 1897 886 1958 ducentos
902 1898 1124 1979 quinquaginta
1146 1902 1169 1938 ⁴¹
1183 1899 1306 1960 mittere
1321 1898 1408 1980 equi-

361 1999 407 2047 tes
430 1987 461 2047 in
486 1983 667 2066 Hispaniam
695 1984 834 2046 consules
857 1984 897 2044 ad
924 1983 972 2046 M.
993 1983 1142 2048 Titinium
1165 1984 1252 2067 jussi.
1307 1985 1407 2048 Prius·

254 2089 259 2100 ·
275 2087 281 2100 ·
297 2124 304 2137 ,
381 2093 450 2133 uam
466 2072 605 2133 consules
621 2071 791 2153 provincias
806 2072 996 2150 sortirentur,
1013 2073 1154 2155 prodigia
1167 2073 1311 2134 nunciata
1325 2086 1408 2136 sunt.

359 2092 508 2241 lrapidem
524 2159 555 2218 in
570 2179 645 2239 agro
659 2156 858 2219 Crustumino
873 2158 904 2218 in
919 2157 1020 2221 lacum
1037 2157 1147 2221 Martis
1173 2159 1211 2220 de
1231 2159 1310 2221 coelo
1324 2159 1407 2220 oeci-

358 2246 450 2307 disse.
494 2248 521 2283 ⁴²
531 2243 660 2306 Puerum
678 2244 777 2305 trunci
792 2245 926 2326 corporis
943 2245 974 2305 in
990 2267 1063 2327 agro
1079 2245 1221 2308 Romano
1235 2257 1353 2322 natum,
1374 2256 1406 2306 et

357 2331 586 2413 quadrupedem
598 2351 729 2412 anguem
738 2331 837 2391 visum
849 2352 857 2392 t
874 2341 907 2392 et
919 2329 1031 2413 Capua
1043 2332 1139 2394 multa
1154 2332 1184 2393 in
1200 2331 1267 2394 foro
1278 2331 1406 2394 aedilicia

358 2419 397 2480 de
412 2419 491 2479 coelo
506 2431 611 2478 tacta:
639 2429 672 2477 et
686 2416 819 2478 Puteolis
835 2416 909 2478 duas
925 2437 1017 2480 naves
1040 2417 1175 2480 fulminis
1199 2417 1261 2479 ictu
1276 2438 1404 2479 concre-

782 2515 970 2564 rutlis'Grorr.

356 2609 459 2647 veterem
487 2595 621 2660 scnptrm
646 2595 808 2654 revocavimus,
836 2612 866 2647 ne
899 2607 957 2647 tem.
1000 2597 1043 2648 llle
1059 2599 1122 2647 euim
1146 2607 1210 2647 reete
1237 2598 1321 2647 dieitur
1340 2613 1406 2647 surse

357 2665 396 2712 lsio
416 2664 483 2711 locus
506 2660 582 2725 specis
602 2661 706 2709 sanitaris
727 2662 866 2726 imponeret.
889 2663 971 2726 secere
997 2679 1051 2713 eum
1074 2680 1144 2727 quem
1172 2665 1284 2727 mancipio
1305 2662 1403 2726 accipin

358 2729 508 2791 Perspicuum
525 2740 560 2775 est
579 2728 659 2775 deesse
679 2728 772 2790 aliquid.
811 2729 866 2777 Duo
897 2728 934 2777 lric
951 2729 1049 2777 alienare
1063 2745 1118 2777 eum
1137 2744 1207 2792 quem
1221 2730 1299 2777 undit.
1331 2728 1404 2775 Cete-

357 2795 421 2844 enirn
437 2810 521 2854 genere
544 2793 630 2840 fraudis
647 2809 713 2857 supra
731 2793 865 2859 explicanda
898 2808 959 2851 rum,
976 2795 995 2842 ri
1015 2809 1042 2849 en
1057 2797 1188 2859 coniectura
1198 2810 1267 2857 quarn
1286 2793 1404 2857 superiore

357 2858 631 2923 proponuntur‚slterum
648 2876 694 2921 quo
712 2860 789 2916 sociis,
805 2858 864 2907 slte-
897 2872 951 2907 nora
963 2859 1108 2924 exposuimus
1119 2874 1176 2907 rens
1190 2874 1236 2907 non
1255 2870 1299 2916 est,
1314 2858 1405 2906 videtur

357 2942 410 2974 rum
421 2941 467 2987 quo
481 2923 567 2989 populo
582 2924 687 2973 Romano
696 2926 763 2973 fieret
773 2926 864 2986 iniuria.
897 2934 923 2973 et
939 2926 977 2972 lric
994 2925 1104 2973 excidisse
1114 2924 1206 2987 utquod
1216 2928 1287 2990 bujsu
1298 2922 1355 2983 legis
1364 2938 1405 2971 es.-

358 2990 386 3039 lu
398 2994 471 3053 priore
490 2993 560 3053 hujus
579 2991 666 3053 pericdi
682 2992 786 3037 membro
804 2991 865 3053 prius
897 3001 947 3053 put,
961 2989 1068 3039 nimirum
1085 3000 1163 3039 eontra
1182 2990 1338 3039 fraudulenter
1354 2988 1405 3037 illas

357 3057 442 3105 fraudis
451 3072 523 3119 genus
534 3068 558 3104 et
576 3056 682 3116 injuriam
700 3056 764 3103 sociis
780 3057 865 3103 lactem
898 3054 1038 3117 adoptiones.

358 3123 515 3182 intelligimus.
558 3120 607 3169 Hic
634 3122 703 3182 igitur
730 3132 865 3183 exposuerat
929 3120 952 3156 ³⁹
964 3120 1023 3167 Ciuis
1031 3135 1060 3167 rre
1070 3118 1132 3184 eset]
1159 3118 1211 3167 Hoc
1233 3114 1348 3181 adjectum
1366 3130 1404 3165 est

356 3190 437 3253 procul
452 3188 521 3249 dubio
539 3185 617 3233 Livius
634 3198 658 3233 et
677 3186 774 3234 alterum
792 3186 864 3247 quod·
897 3199 925 3232 ex
937 3196 1015 3233 mente
1026 3183 1120 3247 Sigonii,
1129 3196 1155 3233 ut
1166 3184 1297 3249 expleretur
1305 3197 1403 3230 sensusr

357 3255 408 3301 dam
435 3270 507 3315 genus
527 3253 610 3299 fraudis
637 3252 668 3300 ab
693 3252 721 3297 iis
743 3252 865 3299 inductum
896 3250 941 3297 nisi
963 3251 1032 3312 quod,
1057 3265 1128 3313 quum
1147 3250 1185 3297 ille
1207 3248 1274 3297 scribi
1294 3248 1403 3309 voluerit,

355 3320 517 3383 quibusstirps
530 3318 628 3378 deesset,
647 3329 672 3364 et
691 3317 797 3377 injurium
816 3317 861 3363 isc·
894 3318 946 3365 civis
964 3332 1007 3363 non
1029 3325 1088 3372 esset,
1107 3316 1227 3363 nrssuimns
1243 3312 1307 3376 sequi
1325 3311 1402 3378 Dujs·

355 3382 673 3509 ‘azrnvltdtztll
693 3382 865 3510 r..⁸.¹¹{¹,’¹‘.}i¹.i‘,
895 3380 1402 3509 intulisti.‘ittiffltzlia

354 3514 439 3576 quibus
466 3515 535 3576 stirps
564 3512 663 3574 deesset,
684 3512 700 3558 ii
729 3515 863 3576 sdoprsrent
895 3510 1091 3577 potiusne,qusm
1102 3526 1153 3556 sorr.

354 3580 463 3643 quosdam
474 3578 534 3624 cives
544 3592 606 3633 suos,
616 3593 671 3639 quos
688 3578 781 3627 sortasse
800 3590 862 3642 post·
926 3575 983 3623 ωδί
1002 3578 1107 3624 dednom
1131 3589 1157 3621 ss
1183 3572 1299 3621 naualibus
1327 3572 1402 3637 sellu]

356 3661 384 3693 es
399 3643 552 3707 emancipatos
570 3642 632 3690 domi
650 3643 816 3706 relinquerent,
836 3656 862 3693 ut
896 3641 1010 3689 Quaenam
1029 3639 1067 3687 illa
1089 3638 1202 3687 dubitatio
1220 3638 1274 3687 est?
1299 3650 1341 3686 sut
1360 3653 1401 3687 cur

356 3709 408 3774 ipsi,
428 3710 490 3772 qussi
508 3709 601 3772 stirpem
618 3709 775 3771 relinquentes
788 3710 811 3755 iu
822 3726 862 3774 pa·
894 3706 967 3755 nollet
980 3705 1058 3754 nonnul
1076 3718 1145 3752 naves
1164 3718 1178 3751 s
1195 3702 1311 3753 navalibus
1328 3704 1402 3751 dedu·

356 3777 400 3823 tris
410 3792 460 3831 sua,
470 3775 531 3823 eires
538 3774 637 3821 Romani
645 3774 734 3822 fierent.
769 3775 820 3822 lise
836 3790 861 3823 re
895 3774 968 3820 cere?
987 3768 1115 3819 Gronovius
1136 3768 1202 3831 legit,
1216 3786 1270 3833 quus
1286 3770 1403 3819 deduceret

354 3842 424 3890 tiebat
436 3841 521 3905 populo
539 3854 630 3902 quoque
649 3838 755 3885 Romano
771 3840 864 3901 injuris,
893 3854 919 3885 es
928 3837 1005 3898 qrribns
1014 3834 1128 3885 enodibus
1137 3836 1208 3884 vellet

356 3907 380 3955 in
392 3922 461 3969 quem
480 3905 584 3968 inquilini
601 3903 666 3950 nullo
674 3901 726 3966 jure
737 3914 762 3950 et
781 3905 861 3951 sdver-
926 3902 947 3935 ⁴¹
961 3900 1070 3951 Mittere.
1084 3936 1090 3951 .
1102 3903 1127 3948 ia
1138 3898 1286 3963 Hisparsiom.
1299 3934 1305 3947 .
1316 3902 1346 3947 od
1363 3898 1400 3951 M.

355 3987 395 4019 sus
415 3971 472 4030 legis
494 3984 595 4018 mentem
619 3984 671 4016 sese
694 3968 861 4018 immiscebant.
895 3964 1014 4032 Titinium]
1034 3966 1069 4015 Ex
1087 3966 1129 4015 lrot
1140 3964 1192 4014 loco
1203 3965 1295 4026 collegit
1307 3964 1400 4026 Pighius

355 4038 436 4098 ltaque
463 4036 625 4083 crediderimus
656 4034 746 4082 nullum
779 4033 860 4082 vitium
892 4033 961 4080 luisse
972 4032 1088 4095 superiore
1106 4045 1176 4087 anno,
1194 4042 1279 4097 praem
1289 4030 1326 4077 M.
1337 4030 1401 4078 Tiri·

355 4102 430 4149 inesse
447 4100 471 4147 in
488 4101 567 4145 vocula
583 4110 619 4157 at,
634 4098 771 4161 Liviumque
787 4100 861 4163 serip-
892 4100 957 4145 nium
977 4110 1099 4161 praetorem
1120 4096 1191 4153 urbis,
1209 4098 1280 4145 etism
1301 4092 1400 4143 alterum

353 4168 410 4215 sisse
422 4173 449 4213 ut
459 4168 515 4213 cira
530 4162 624 4210 llosrord
633 4164 718 4224 fierem
738 4200 745 4213 .
762 4200 768 4214 .
787 4198 794 4210 .
813 4166 861 4212 lie·
895 4164 933 4211 M.
953 4160 1068 4210 Titinium
1094 4174 1227 4226 prretorem,
1251 4160 1288 4209 cui
1312 4158 1399 4223 Hispe-

354 4232 415 4295 liqus
426 4231 517 4292 explere
527 4230 576 4275 siue
586 4228 649 4277 libris
659 4246 705 4278 non
716 4245 844 4294 possumus.
893 4230 954 4275 niam
966 4227 1096 4275 citeriorem
1114 4226 1220 4288 obtigisse
1231 4234 1324 4291 apparet
1335 4239 1365 4272 es
1376 4240 1400 4273 c.

387 4296 409 4329 ³⁸
431 4294 467 4342 Ns
491 4296 540 4357 qrrr's
557 4309 619 4355 quern
638 4326 663 4342 ..
682 4310 747 4342 sunm
764 4295 862 4358 jaceret,
892 4292 931 4343 26.
942 4292 1010 4340 infre.

351 4378 405 4411 nere
413 4359 532 4419 alienaret]
552 4356 617 4406 Prior
626 4374 677 4422 pere
689 4372 734 4418 est,
750 4372 777 4408 ut
794 4372 860 4409 recte
924 4356 947 4389 ⁴³
959 4352 1253 4417 Prterumtrunciomport'v]
1264 4352 1398 4402 Bnelriisne

352 4429 457 4477 obsessa
481 4424 620 4482 Gronovius,
643 4436 723 4473 contra
744 4424 859 4491 aecipien·
892 4420 1164 4487 carentem,ancupite?
1183 4418 1307 4467 Voxenim
1323 4418 1398 4467 tmnri

352 4504 401 4541 tem
422 4491 543 4555 mancipio,
568 4489 681 4554 posterior
701 4504 781 4541 contre
802 4493 859 4542 dau·
891 4488 996 4549 ambigue
1007 4498 1050 4537 est.
