<?xml version="1.0" encoding="UTF-8"?>
<!DOCTYPE html PUBLIC "-//W3C//DTD XHTML 1.0 Transitional//EN"
    "http://www.w3.org/TR/xhtml1/DTD/xhtml1-transitional.dtd">
<html xmlns="http://www.w3.org/1999/xhtml" xml:lang="en" lang="en">
 <head>
  <title>
</title>
<meta http-equiv="Content-Type" content="text/html;charset=utf-8" />
  <meta name='ocr-system' content='tesseract 3.04.00' />
  <meta name='ocr-capabilities' content='ocr_page ocr_carea ocr_par ocr_line ocrx_word'/>
</head>
<body>
  <div class='ocr_page' id='page_1' title='image "./tliviipatavinih02grongoog_0269.png"; bbox 0 0 3184 5225; ppageno 0'>
   <div class='ocr_carea' id='block_1_1' title="bbox 490 336 844 403">
    <p class='ocr_par' dir='ltr' id='par_1_1' title="bbox 490 336 844 403">
     <span class='ocr_line' id='line_1_1' title="bbox 490 336 844 403; baseline 0 0"><span class='ocrx_word' id='word_1_1' title='bbox 490 336 654 403; x_wconf 65' lang='lat' dir='ltr'><strong><em>nmmos.</em></strong></span> <span class='ocrx_word' id='word_1_2' title='bbox 672 336 844 403; x_wconf 73' lang='lat' dir='ltr'><strong><em>DEPERD.</em></strong></span> 
     </span>
    </p>
   </div>
   <div class='ocr_carea' id='block_1_2' title="bbox 606 650 730 729">
    <p class='ocr_par' dir='ltr' id='par_1_2' title="bbox 606 650 730 729">
     <span class='ocr_line' id='line_1_2' title="bbox 606 650 730 729; baseline 0 -2"><span class='ocrx_word' id='word_1_3' title='bbox 606 650 730 729; x_wconf 80' lang='lat' dir='ltr'><strong><em>CXII.</em></strong></span> 
     </span>
    </p>
   </div>
   <div class='ocr_carea' id='block_1_3' title="bbox 81 854 1184 935">
    <p class='ocr_par' dir='ltr' id='par_1_3' title="bbox 81 854 1184 935">
     <span class='ocr_line' id='line_1_3' title="bbox 81 854 1184 935; baseline 0.015 -24"><span class='ocrx_word' id='word_1_4' title='bbox 81 908 82 911; x_wconf 74' lang='grc'>,</span> <span class='ocrx_word' id='word_1_5' title='bbox 182 855 356 935; x_wconf 81' lang='lat' dir='ltr'><strong><em>Trepidatio</em></strong></span> <span class='ocrx_word' id='word_1_6' title='bbox 380 854 526 915; x_wconf 88' lang='lat' dir='ltr'><strong><em>uictarum</em></strong></span> <span class='ocrx_word' id='word_1_7' title='bbox 549 858 683 935; x_wconf 86' lang='lat' dir='ltr'><strong><em>partium</em></strong></span> <span class='ocrx_word' id='word_1_8' title='bbox 713 860 746 915; x_wconf 87' lang='lat' dir='ltr'><strong><em>in</em></strong></span> <span class='ocrx_word' id='word_1_9' title='bbox 772 861 906 923; x_wconf 84' lang='lat' dir='ltr'><strong><em>diuersas</em></strong></span> <span class='ocrx_word' id='word_1_10' title='bbox 931 862 1011 927; x_wconf 89' lang='lat' dir='ltr'><strong><em>orbis</em></strong></span> <span class='ocrx_word' id='word_1_11' title='bbox 1038 875 1184 928; x_wconf 82' lang='lat' dir='ltr'><strong><em>terrarum</em></strong></span> 
     </span>
    </p>
   </div>
   <div class='ocr_carea' id='block_1_4' title="bbox 137 934 1300 1173">
    <p class='ocr_par' dir='ltr' id='par_1_4' title="bbox 137 934 1300 1173">
     <span class='ocr_line' id='line_1_4' title="bbox 137 934 1300 1029; baseline 0.015 -39"><span class='ocrx_word' id='word_1_12' title='bbox 137 943 293 1025; x_wconf 77' lang='lat' dir='ltr'><strong><em>portaret</em></strong></span> <span class='ocrx_word' id='word_1_13' title='bbox 307 936 390 1025; x_wconf 71' lang='lat' dir='ltr'><strong><em>fuya</em></strong></span> <span class='ocrx_word' id='word_1_14' title='bbox 413 935 594 1025; x_wconf 78' lang='lat' dir='ltr'><strong><em>reseruntur.</em></strong></span> <span class='ocrx_word' id='word_1_15' title='bbox 627 936 701 1027; x_wconf 39' lang='lat' dir='ltr'><strong><em>&#39;On</em></strong></span> <span class='ocrx_word' id='word_1_16' title='bbox 717 934 886 1029; x_wconf 50' lang='lat' dir='ltr'><strong><em>lffompcius,</em></strong></span> <span class='ocrx_word' id='word_1_17' title='bbox 908 962 997 1021; x_wconf 86' lang='lat' dir='ltr'><strong><em>quum</em></strong></span> <span class='ocrx_word' id='word_1_18' title='bbox 1016 944 1184 1025; x_wconf 72' lang='lat' dir='ltr'><strong><em>AEqypturn</em></strong></span> <span class='ocrx_word' id='word_1_19' title='bbox 1294 963 1300 977; x_wconf 86' lang='lat'><strong><em>¹</em></strong></span> 
     </span>
     <span class='ocr_line' id='line_1_5' title="bbox 137 1012 1183 1159; baseline 0.011 -88"><span class='ocrx_word' id='word_1_20' title='bbox 137 1018 274 1091; x_wconf 77' lang='lat' dir='ltr'><strong><em>petisset,</em></strong></span> <span class='ocrx_word' id='word_1_21' title='bbox 291 1032 381 1102; x_wconf 64' lang='lat' dir='ltr'><strong><em>jussu</em></strong></span> <span class='ocrx_word' id='word_1_22' title='bbox 393 1012 546 1071; x_wconf 81' lang='lat' dir='ltr'><strong><em>Ptolemae</em></strong></span> <span class='ocrx_word' id='word_1_23' title='bbox 569 1032 647 1089; x_wconf 68' lang='lat' dir='ltr'><strong><em>reyes</em></strong></span> <span class='ocrx_word' id='word_1_24' title='bbox 666 1014 790 1093; x_wconf 80' lang='lat' dir='ltr'><strong><em>pupille,</em></strong></span> <span class='ocrx_word' id='word_1_25' title='bbox 811 1026 932 1076; x_wconf 89' lang='lat' dir='ltr'><strong><em>auctore</em></strong></span> <span class='ocrx_word' id='word_1_26' title='bbox 949 1019 1095 1081; x_wconf 82' lang='lat' dir='ltr'><strong><em>Tbeodoto</em></strong></span> <span class='ocrx_word' id='word_1_27' title='bbox 1104 1044 1183 1159; x_wconf 44' lang='lat' dir='ltr'><strong><em>trra·</em></strong></span> 
     </span>
     <span class='ocr_line' id='line_1_6' title="bbox 1124 1120 1183 1173; baseline 0.051 -15"><span class='ocrx_word' id='word_1_28' title='bbox 1124 1120 1183 1173; x_wconf 83' lang='lat' dir='ltr'><strong><em>sno,</em></strong></span> 
     </span>
    </p>
   </div>
   <div class='ocr_carea' id='block_1_5' title="bbox 135 1092 1245 2027">
    <p class='ocr_par' dir='ltr' id='par_1_5' title="bbox 141 1092 1103 1169">
     <span class='ocr_line' id='line_1_7' title="bbox 141 1092 1103 1169; baseline 0.008 -20"><span class='ocrx_word' id='word_1_29' title='bbox 141 1100 268 1169; x_wconf 81' lang='lat' dir='ltr'><strong><em>ceptore,</em></strong></span> <span class='ocrx_word' id='word_1_30' title='bbox 289 1108 372 1167; x_wconf 65' lang='lat' dir='ltr'><strong><em>cujus</em></strong></span> <span class='ocrx_word' id='word_1_31' title='bbox 391 1110 437 1149; x_wconf 89' lang='lat' dir='ltr'><strong><em>ma</em></strong></span> <span class='ocrx_word' id='word_1_32' title='bbox 458 1111 497 1149; x_wconf 87' lang='lat' dir='ltr'><strong><em>na</em></strong></span> <span class='ocrx_word' id='word_1_33' title='bbox 516 1092 597 1169; x_wconf 83' lang='lat' dir='ltr'><strong><em>apud</em></strong></span> <span class='ocrx_word' id='word_1_34' title='bbox 610 1110 706 1167; x_wconf 72' lang='lat' dir='ltr'><strong><em>reyem</em></strong></span> <span class='ocrx_word' id='word_1_35' title='bbox 725 1094 891 1154; x_wconf 72' lang='lat' dir='ltr'><strong><em>auctoritas</em></strong></span> <span class='ocrx_word' id='word_1_36' title='bbox 907 1106 984 1167; x_wconf 67' lang='lat' dir='ltr'><strong><em>mat,</em></strong></span> <span class='ocrx_word' id='word_1_37' title='bbox 997 1108 1027 1155; x_wconf 86' lang='lat' dir='ltr'><strong><em>et</em></strong></span> <span class='ocrx_word' id='word_1_38' title='bbox 1041 1100 1103 1159; x_wconf 89' lang='lat' dir='ltr'><strong><em>Pot</em></strong></span> 
     </span>
    </p>

    <p class='ocr_par' dir='ltr' id='par_1_6' title="bbox 135 1112 1245 2027">
     <span class='ocr_line' id='line_1_8' title="bbox 140 1112 1184 1250; baseline 0.011 -23"><span class='ocrx_word' id='word_1_39' title='bbox 140 1170 252 1229; x_wconf 86' lang='lat' dir='ltr'><strong><em>occisus</em></strong></span> <span class='ocrx_word' id='word_1_40' title='bbox 273 1176 318 1227; x_wconf 88' lang='lat' dir='ltr'><strong><em>est</em></strong></span> <span class='ocrx_word' id='word_1_41' title='bbox 337 1168 374 1226; x_wconf 93' lang='lat' dir='ltr'><strong><em>ab</em></strong></span> <span class='ocrx_word' id='word_1_42' title='bbox 388 1112 518 1239; x_wconf 77' lang='lat' dir='ltr'><strong><em>Acbilla,</em></strong></span> <span class='ocrx_word' id='word_1_43' title='bbox 533 1170 581 1227; x_wconf 91' lang='lat' dir='ltr'><strong><em>cui</em></strong></span> <span class='ocrx_word' id='word_1_44' title='bbox 600 1169 633 1225; x_wconf 88' lang='lat' dir='ltr'><strong><em>id</em></strong></span> <span class='ocrx_word' id='word_1_45' title='bbox 642 1169 769 1244; x_wconf 83' lang='lat' dir='ltr'><strong><em>facinus</em></strong></span> <span class='ocrx_word' id='word_1_46' title='bbox 783 1180 849 1229; x_wconf 89' lang='lat' dir='ltr'><strong><em>erat</em></strong></span> <span class='ocrx_word' id='word_1_47' title='bbox 863 1172 1040 1250; x_wconf 71' lang='lat' dir='ltr'><strong><em>deleqatum,</em></strong></span> <span class='ocrx_word' id='word_1_48' title='bbox 1054 1178 1086 1234; x_wconf 90' lang='lat' dir='ltr'><strong><em>in</em></strong></span> <span class='ocrx_word' id='word_1_49' title='bbox 1098 1182 1184 1238; x_wconf 86' lang='lat' dir='ltr'><strong><em>naui·</em></strong></span> 
     </span>
     <span class='ocr_line' id='line_1_9' title="bbox 141 1247 1183 1325; baseline 0.01 -20"><span class='ocrx_word' id='word_1_50' title='bbox 141 1247 220 1317; x_wconf 93' lang='lat' dir='ltr'><strong><em>cula,</em></strong></span> <span class='ocrx_word' id='word_1_51' title='bbox 234 1255 393 1325; x_wconf 80' lang='lat' dir='ltr'><strong><em>antequam</em></strong></span> <span class='ocrx_word' id='word_1_52' title='bbox 407 1248 437 1304; x_wconf 88' lang='lat' dir='ltr'><strong><em>in</em></strong></span> <span class='ocrx_word' id='word_1_53' title='bbox 452 1256 560 1305; x_wconf 88' lang='lat' dir='ltr'><strong><em>terram</em></strong></span> <span class='ocrx_word' id='word_1_54' title='bbox 573 1248 677 1305; x_wconf 79' lang='lat' dir='ltr'><strong><em>exiret.</em></strong></span> <span class='ocrx_word' id='word_1_55' title='bbox 723 1248 862 1307; x_wconf 84' lang='lat' dir='ltr'><strong><em>Cornelia</em></strong></span> <span class='ocrx_word' id='word_1_56' title='bbox 873 1269 947 1309; x_wconf 75' lang='lat' dir='ltr'><strong><em>uxor</em></strong></span> <span class='ocrx_word' id='word_1_57' title='bbox 960 1261 991 1310; x_wconf 86' lang='lat' dir='ltr'><strong><em>st</em></strong></span> <span class='ocrx_word' id='word_1_58' title='bbox 1011 1253 1078 1313; x_wconf 72' lang='lat' dir='ltr'><strong><em>Sec.</em></strong></span> <span class='ocrx_word' id='word_1_59' title='bbox 1093 1254 1183 1315; x_wconf 84' lang='lat' dir='ltr'><strong><em>Pom·</em></strong></span> 
     </span>
     <span class='ocr_line' id='line_1_10' title="bbox 138 1324 1187 1417; baseline 0.01 -34"><span class='ocrx_word' id='word_1_60' title='bbox 138 1327 226 1404; x_wconf 79' lang='lat' dir='ltr'><strong><em>peius</em></strong></span> <span class='ocrx_word' id='word_1_61' title='bbox 243 1325 334 1403; x_wconf 79' lang='lat' dir='ltr'><strong><em>filius</em></strong></span> <span class='ocrx_word' id='word_1_62' title='bbox 361 1325 477 1403; x_wconf 79' lang='lat' dir='ltr'><em>Cypron</em></span> <span class='ocrx_word' id='word_1_63' title='bbox 497 1324 681 1401; x_wconf 74' lang='lat' dir='ltr'><strong><em>resuyerunt.</em></strong></span> <span class='ocrx_word' id='word_1_64' title='bbox 738 1326 847 1397; x_wconf 80' lang='lat' dir='ltr'><strong><em>Oasar,</em></strong></span> <span class='ocrx_word' id='word_1_65' title='bbox 866 1336 937 1417; x_wconf 74' lang='lat' dir='ltr'><strong><em>post</em></strong></span> <span class='ocrx_word' id='word_1_66' title='bbox 962 1333 1084 1391; x_wconf 89' lang='lat' dir='ltr'><strong><em>tertium</em></strong></span> <span class='ocrx_word' id='word_1_67' title='bbox 1108 1336 1187 1393; x_wconf 84' lang='lat' dir='ltr'><strong><em>diem</em></strong></span> 
     </span>
     <span class='ocr_line' id='line_1_11' title="bbox 140 1400 1184 1483; baseline 0.008 -22"><span class='ocrx_word' id='word_1_68' title='bbox 140 1406 302 1472; x_wconf 88' lang='lat' dir='ltr'><strong><em>insecutus,</em></strong></span> <span class='ocrx_word' id='word_1_69' title='bbox 315 1410 403 1483; x_wconf 82' lang='lat' dir='ltr'><strong><em>quum</em></strong></span> <span class='ocrx_word' id='word_1_70' title='bbox 420 1403 448 1459; x_wconf 90' lang='lat' dir='ltr'><strong><em>ei</em></strong></span> <span class='ocrx_word' id='word_1_71' title='bbox 465 1400 628 1460; x_wconf 85' lang='lat' dir='ltr'><strong><em>Tbeodotus</em></strong></span> <span class='ocrx_word' id='word_1_72' title='bbox 646 1410 735 1481; x_wconf 83' lang='lat' dir='ltr'><strong><em>caput</em></strong></span> <span class='ocrx_word' id='word_1_73' title='bbox 750 1403 885 1483; x_wconf 79' lang='lat' dir='ltr'><strong><em>Pompeii</em></strong></span> <span class='ocrx_word' id='word_1_74' title='bbox 897 1415 927 1464; x_wconf 89' lang='lat' dir='ltr'><strong><em>et</em></strong></span> <span class='ocrx_word' id='word_1_75' title='bbox 946 1409 1087 1469; x_wconf 85' lang='lat' dir='ltr'><strong><em>annulum</em></strong></span> <span class='ocrx_word' id='word_1_76' title='bbox 1100 1411 1184 1469; x_wconf 91' lang='lat' dir='ltr'><strong><em>obtu-</em></strong></span> 
     </span>
     <span class='ocr_line' id='line_1_12' title="bbox 142 1480 1183 1571; baseline 0.009 -32"><span class='ocrx_word' id='word_1_77' title='bbox 142 1482 236 1571; x_wconf 78' lang='lat' dir='ltr'><strong><em>lisset,</em></strong></span> <span class='ocrx_word' id='word_1_78' title='bbox 257 1485 319 1538; x_wconf 80' lang='lat' dir='ltr'><strong><em>⁹⁰et</em></strong></span> <span class='ocrx_word' id='word_1_79' title='bbox 340 1480 471 1557; x_wconf 85' lang='lat' dir='ltr'><strong><em>infensus</em></strong></span> <span class='ocrx_word' id='word_1_80' title='bbox 490 1488 544 1551; x_wconf 88' lang='lat' dir='ltr'><strong><em>est,</em></strong></span> <span class='ocrx_word' id='word_1_81' title='bbox 558 1488 587 1538; x_wconf 89' lang='lat' dir='ltr'><strong><em>et</em></strong></span> <span class='ocrx_word' id='word_1_82' title='bbox 609 1480 818 1539; x_wconf 85' lang='lat' dir='ltr'><strong><em>inlacrimauit.</em></strong></span> <span class='ocrx_word' id='word_1_83' title='bbox 833 1483 895 1540; x_wconf 89' lang='lat' dir='ltr'><strong><em>sine</em></strong></span> <span class='ocrx_word' id='word_1_84' title='bbox 904 1486 1038 1560; x_wconf 82' lang='lat' dir='ltr'><strong><em>periculo</em></strong></span> <span class='ocrx_word' id='word_1_85' title='bbox 1051 1488 1183 1548; x_wconf 76' lang='lat' dir='ltr'><strong><em>Alexan-</em></strong></span> 
     </span>
     <span class='ocr_line' id='line_1_13' title="bbox 142 1558 1185 1635; baseline 0.009 -18"><span class='ocrx_word' id='word_1_86' title='bbox 142 1562 240 1619; x_wconf 77' lang='lat' dir='ltr'><strong><em>driam</em></strong></span> <span class='ocrx_word' id='word_1_87' title='bbox 263 1558 488 1617; x_wconf 74' lang='lat' dir='ltr'><strong><em>tumultuantem</em></strong></span> <span class='ocrx_word' id='word_1_88' title='bbox 508 1560 644 1632; x_wconf 85' lang='lat' dir='ltr'><strong><em>intravit.</em></strong></span> <span class='ocrx_word' id='word_1_89' title='bbox 691 1559 797 1629; x_wconf 83' lang='lat' dir='ltr'><strong><em>Casar,</em></strong></span> <span class='ocrx_word' id='word_1_90' title='bbox 813 1560 943 1620; x_wconf 92' lang='lat' dir='ltr'><strong><em>dictator</em></strong></span> <span class='ocrx_word' id='word_1_91' title='bbox 956 1572 1083 1635; x_wconf 88' lang='lat' dir='ltr'><strong><em>creatus,</em></strong></span> <span class='ocrx_word' id='word_1_92' title='bbox 1102 1566 1185 1626; x_wconf 83' lang='lat' dir='ltr'><strong><em>Cleo·</em></strong></span> 
     </span>
     <span class='ocr_line' id='line_1_14' title="bbox 137 1636 1245 1716; baseline 0.01 -19"><span class='ocrx_word' id='word_1_93' title='bbox 137 1646 261 1716; x_wconf 80' lang='lat' dir='ltr'><strong><em>patrum</em></strong></span> <span class='ocrx_word' id='word_1_94' title='bbox 274 1639 305 1693; x_wconf 88' lang='lat' dir='ltr'><strong><em>in</em></strong></span> <span class='ocrx_word' id='word_1_95' title='bbox 318 1656 350 1693; x_wconf 88' lang='lat' dir='ltr'><strong><em>re</em></strong></span> <span class='ocrx_word' id='word_1_96' title='bbox 372 1656 439 1693; x_wconf 90' lang='lat' dir='ltr'><strong><em>num</em></strong></span> <span class='ocrx_word' id='word_1_97' title='bbox 447 1636 576 1715; x_wconf 68' lang='lat' dir='ltr'><strong><em>Egypti</em></strong></span> <span class='ocrx_word' id='word_1_98' title='bbox 589 1638 719 1707; x_wconf 78' lang='lat' dir='ltr'><strong><em>reclusit,</em></strong></span> <span class='ocrx_word' id='word_1_99' title='bbox 734 1645 763 1695; x_wconf 87' lang='lat' dir='ltr'><strong><em>et</em></strong></span> <span class='ocrx_word' id='word_1_100' title='bbox 777 1637 949 1713; x_wconf 85' lang='lat' dir='ltr'><strong><em>inferentem</em></strong></span> <span class='ocrx_word' id='word_1_101' title='bbox 960 1640 1067 1699; x_wconf 83' lang='lat' dir='ltr'><strong><em>bellum</em></strong></span> <span class='ocrx_word' id='word_1_102' title='bbox 1080 1644 1185 1703; x_wconf 84' lang='lat' dir='ltr'><strong><em>iisdem</em></strong></span> <span class='ocrx_word' id='word_1_103' title='bbox 1237 1685 1245 1708; x_wconf 74' lang='lat'><strong><em>.</em></strong></span> 
     </span>
     <span class='ocr_line' id='line_1_15' title="bbox 141 1713 1185 1794; baseline 0.004 -19"><span class='ocrx_word' id='word_1_104' title='bbox 141 1714 313 1775; x_wconf 87' lang='lat' dir='ltr'><strong><em>auctoribus</em></strong></span> <span class='ocrx_word' id='word_1_105' title='bbox 368 1715 535 1786; x_wconf 80' lang='lat' dir='ltr'><strong><em>tolemoeum,</em></strong></span> <span class='ocrx_word' id='word_1_106' title='bbox 563 1713 668 1792; x_wconf 85' lang='lat' dir='ltr'><strong><em>quibus</em></strong></span> <span class='ocrx_word' id='word_1_107' title='bbox 691 1713 863 1792; x_wconf 87' lang='lat' dir='ltr'><strong><em>Pompeium</em></strong></span> <span class='ocrx_word' id='word_1_108' title='bbox 889 1718 1092 1794; x_wconf 86' lang='lat' dir='ltr'><strong><em>interfecerat,</em></strong></span> <span class='ocrx_word' id='word_1_109' title='bbox 1119 1742 1185 1780; x_wconf 87' lang='lat' dir='ltr'><strong><em>cum</em></strong></span> 
     </span>
     <span class='ocr_line' id='line_1_16' title="bbox 141 1790 1185 1874; baseline 0.008 -24"><span class='ocrx_word' id='word_1_110' title='bbox 141 1814 246 1871; x_wconf 68' lang='lat' dir='ltr'><strong><em>magno</em></strong></span> <span class='ocrx_word' id='word_1_111' title='bbox 269 1812 321 1853; x_wconf 90' lang='lat' dir='ltr'><strong><em>sua</em></strong></span> <span class='ocrx_word' id='word_1_112' title='bbox 342 1794 509 1853; x_wconf 79' lang='lat' dir='ltr'><strong><em>discrimine</em></strong></span> <span class='ocrx_word' id='word_1_113' title='bbox 532 1792 614 1851; x_wconf 89' lang='lat' dir='ltr'><strong><em>vicit.</em></strong></span> <span class='ocrx_word' id='word_1_114' title='bbox 669 1790 846 1853; x_wconf 84' lang='lat' dir='ltr'><strong><em>Ptolcmoeus</em></strong></span> <span class='ocrx_word' id='word_1_115' title='bbox 864 1794 933 1852; x_wconf 85' lang='lat' dir='ltr'><strong><em>dum</em></strong></span> <span class='ocrx_word' id='word_1_116' title='bbox 943 1796 1046 1874; x_wconf 69' lang='lat' dir='ltr'><strong><em>suyit,</em></strong></span> <span class='ocrx_word' id='word_1_117' title='bbox 1066 1798 1098 1855; x_wconf 92' lang='lat' dir='ltr'><strong><em>in</em></strong></span> <span class='ocrx_word' id='word_1_118' title='bbox 1112 1798 1185 1859; x_wconf 89' lang='lat' dir='ltr'><strong><em>Nilo</em></strong></span> 
     </span>
     <span class='ocr_line' id='line_1_17' title="bbox 140 1868 1187 1950; baseline 0.006 -19"><span class='ocrx_word' id='word_1_119' title='bbox 140 1872 281 1931; x_wconf 86' lang='lat' dir='ltr'><strong><em>navicula</em></strong></span> <span class='ocrx_word' id='word_1_120' title='bbox 294 1871 433 1931; x_wconf 78' lang='lat' dir='ltr'><strong><em>subsedit.</em></strong></span> <span class='ocrx_word' id='word_1_121' title='bbox 475 1870 627 1929; x_wconf 75' lang='lat' dir='ltr'><strong><em>Preterca</em></strong></span> <span class='ocrx_word' id='word_1_122' title='bbox 640 1868 816 1931; x_wconf 86' lang='lat' dir='ltr'><strong><em>laboriosum</em></strong></span> <span class='ocrx_word' id='word_1_123' title='bbox 830 1870 875 1929; x_wconf 82' lang='grc' dir='ltr'><strong><em>Μ.</em></strong></span> <span class='ocrx_word' id='word_1_124' title='bbox 895 1873 1014 1933; x_wconf 83' lang='lat' dir='ltr'><strong><em>Catonis</em></strong></span> <span class='ocrx_word' id='word_1_125' title='bbox 1030 1875 1062 1932; x_wconf 91' lang='lat' dir='ltr'><strong><em>in</em></strong></span> <span class='ocrx_word' id='word_1_126' title='bbox 1075 1876 1187 1950; x_wconf 83' lang='lat' dir='ltr'><strong><em>Asrica</em></strong></span> 
     </span>
     <span class='ocr_line' id='line_1_18' title="bbox 135 1946 1186 2027; baseline 0.001 -19"><span class='ocrx_word' id='word_1_127' title='bbox 135 1971 191 2027; x_wconf 83' lang='lat' dir='ltr'><strong><em>per</em></strong></span> <span class='ocrx_word' id='word_1_128' title='bbox 206 1953 325 2009; x_wconf 83' lang='lat' dir='ltr'><strong><em>deserta</em></strong></span> <span class='ocrx_word' id='word_1_129' title='bbox 339 1970 403 2009; x_wconf 86' lang='lat' dir='ltr'><strong><em>cum</em></strong></span> <span class='ocrx_word' id='word_1_130' title='bbox 416 1946 576 2027; x_wconf 70' lang='lat' dir='ltr'><strong><em>lcyionibus</em></strong></span> <span class='ocrx_word' id='word_1_131' title='bbox 590 1950 658 2019; x_wconf 88' lang='lat' dir='ltr'><strong><em>iter,</em></strong></span> <span class='ocrx_word' id='word_1_132' title='bbox 673 1956 701 2005; x_wconf 85' lang='lat' dir='ltr'><strong><em>et</em></strong></span> <span class='ocrx_word' id='word_1_133' title='bbox 716 1947 823 2007; x_wconf 91' lang='lat' dir='ltr'><strong><em>bellum</em></strong></span> <span class='ocrx_word' id='word_1_134' title='bbox 835 1970 856 2007; x_wconf 93' lang='lat' dir='ltr'><strong><em>a</em></strong></span> <span class='ocrx_word' id='word_1_135' title='bbox 871 1950 923 2009; x_wconf 80' lang='lat' dir='ltr'><strong><em>Cn.</em></strong></span> <span class='ocrx_word' id='word_1_136' title='bbox 936 1951 1068 2017; x_wconf 84' lang='lat' dir='ltr'><strong><em>Domitio</em></strong></span> <span class='ocrx_word' id='word_1_137' title='bbox 1081 1961 1186 2019; x_wconf 81' lang='lat' dir='ltr'><strong><em>contra</em></strong></span> 
     </span>
    </p>
   </div>
   <div class='ocr_carea' id='block_1_6' title="bbox 142 2027 904 2109">
    <p class='ocr_par' dir='ltr' id='par_1_7' title="bbox 142 2027 904 2109">
     <span class='ocr_line' id='line_1_19' title="bbox 142 2027 904 2109; baseline -0.008 -18"><span class='ocrx_word' id='word_1_138' title='bbox 142 2030 331 2094; x_wconf 76' lang='lat' dir='ltr'><strong><em>Pharnacem</em></strong></span> <span class='ocrx_word' id='word_1_139' title='bbox 343 2030 363 2064; x_wconf 80' lang='lat'><strong><em>⁰¹</em></strong></span> <span class='ocrx_word' id='word_1_140' title='bbox 369 2046 477 2108; x_wconf 84' lang='lat' dir='ltr'><strong><em>parum</em></strong></span> <span class='ocrx_word' id='word_1_141' title='bbox 486 2044 625 2109; x_wconf 74' lang='lat' dir='ltr'><strong><em>prospere</em></strong></span> <span class='ocrx_word' id='word_1_142' title='bbox 637 2034 751 2109; x_wconf 65' lang='lat' dir='ltr'><strong><em>aestum</em></strong></span> <span class='ocrx_word' id='word_1_143' title='bbox 765 2027 904 2092; x_wconf 80' lang='lat' dir='ltr'><strong><em>continet.</em></strong></span> 
     </span>
    </p>
   </div>
   <div class='ocr_carea' id='block_1_7' title="bbox 593 2526 736 2614">
    <p class='ocr_par' dir='ltr' id='par_1_8' title="bbox 593 2526 736 2614">
     <span class='ocr_line' id='line_1_20' title="bbox 593 2526 736 2614; baseline -0.014 0"><span class='ocrx_word' id='word_1_144' title='bbox 593 2526 736 2614; x_wconf 84' lang='lat' dir='ltr'><strong><em>cxm.</em></strong></span> 
     </span>
    </p>
   </div>
   <div class='ocr_carea' id='block_1_8' title="bbox 136 2729 1217 3681">
    <p class='ocr_par' dir='ltr' id='par_1_9' title="bbox 136 2729 1217 3681">
     <span class='ocr_line' id='line_1_21' title="bbox 182 2729 1217 2833; baseline -0.009 -25"><span class='ocrx_word' id='word_1_145' title='bbox 182 2748 373 2826; x_wconf 72' lang='lat' dir='ltr'><strong><em>Confirmatis</em></strong></span> <span class='ocrx_word' id='word_1_146' title='bbox 390 2745 419 2804; x_wconf 88' lang='lat' dir='ltr'><strong><em>in</em></strong></span> <span class='ocrx_word' id='word_1_147' title='bbox 433 2745 542 2824; x_wconf 82' lang='lat' dir='ltr'><strong><em>Africo</em></strong></span> <span class='ocrx_word' id='word_1_148' title='bbox 556 2741 744 2822; x_wconf 73' lang='lat' dir='ltr'><strong><em>Pompeianis</em></strong></span> <span class='ocrx_word' id='word_1_149' title='bbox 754 2740 905 2833; x_wconf 75' lang='lat' dir='ltr'><strong><em>partibile,</em></strong></span> <span class='ocrx_word' id='word_1_150' title='bbox 919 2741 1072 2820; x_wconf 84' lang='lat' dir='ltr'><strong><em>imperium</em></strong></span> <span class='ocrx_word' id='word_1_151' title='bbox 1084 2759 1185 2802; x_wconf 85' lang='lat' dir='ltr'><strong><em>carum</em></strong></span> <span class='ocrx_word' id='word_1_152' title='bbox 1213 2729 1217 2740; x_wconf 79' lang='grc'><strong>’</strong></span> 
     </span>
     <span class='ocr_line' id='line_1_22' title="bbox 140 2820 1184 2906; baseline -0.009 -19"><span class='ocrx_word' id='word_1_153' title='bbox 140 2830 179 2887; x_wconf 89' lang='grc' dir='ltr'><strong><em>Ρ.</em></strong></span> <span class='ocrx_word' id='word_1_154' title='bbox 195 2828 329 2906; x_wconf 83' lang='lat' dir='ltr'><strong><em>Scipioni</em></strong></span> <span class='ocrx_word' id='word_1_155' title='bbox 342 2827 472 2884; x_wconf 89' lang='lat' dir='ltr'><strong><em>delatum</em></strong></span> <span class='ocrx_word' id='word_1_156' title='bbox 487 2833 548 2888; x_wconf 71' lang='lat' dir='ltr'><strong><em>estc</em></strong></span> <span class='ocrx_word' id='word_1_157' title='bbox 577 2823 696 2892; x_wconf 82' lang='lat' dir='ltr'><strong><em>Catone,</em></strong></span> <span class='ocrx_word' id='word_1_158' title='bbox 712 2841 760 2879; x_wconf 81' lang='lat' dir='ltr'><strong><em>cus</em></strong></span> <span class='ocrx_word' id='word_1_159' title='bbox 778 2841 813 2878; x_wconf 79' lang='lat' dir='ltr'><strong><em>en</em></strong></span> <span class='ocrx_word' id='word_1_160' title='bbox 832 2840 857 2878; x_wconf 84' lang='lat' dir='ltr'><strong><em>a</em></strong></span> <span class='ocrx_word' id='word_1_161' title='bbox 877 2839 914 2879; x_wconf 92' lang='lat' dir='ltr'><strong><em>uo</em></strong></span> <span class='ocrx_word' id='word_1_162' title='bbox 926 2820 1116 2896; x_wconf 87' lang='lat' dir='ltr'><strong><em>deserebatur</em></strong></span> <span class='ocrx_word' id='word_1_163' title='bbox 1129 2823 1184 2878; x_wconf 89' lang='lat' dir='ltr'><strong><em>im·</em></strong></span> 
     </span>
     <span class='ocr_line' id='line_1_23' title="bbox 136 2840 1186 2986; baseline -0.007 -21"><span class='ocrx_word' id='word_1_164' title='bbox 136 2908 265 2986; x_wconf 70' lang='lat' dir='ltr'><strong><em>prmum,</em></strong></span> <span class='ocrx_word' id='word_1_165' title='bbox 280 2907 407 2964; x_wconf 78' lang='lat' dir='ltr'><strong><em>cedente.</em></strong></span> <span class='ocrx_word' id='word_1_166' title='bbox 448 2903 492 2960; x_wconf 82' lang='lat' dir='ltr'><strong><em>Et</em></strong></span> <span class='ocrx_word' id='word_1_167' title='bbox 504 2920 592 2980; x_wconf 89' lang='lat' dir='ltr'><strong><em>quum</em></strong></span> <span class='ocrx_word' id='word_1_168' title='bbox 606 2902 642 2958; x_wconf 88' lang='lat' dir='ltr'><strong><em>de</em></strong></span> <span class='ocrx_word' id='word_1_169' title='bbox 655 2900 801 2958; x_wconf 89' lang='lat' dir='ltr'><strong><em>diruenda</em></strong></span> <span class='ocrx_word' id='word_1_170' title='bbox 813 2840 884 2956; x_wconf 73' lang='lat' dir='ltr'><strong><em>urbe</em></strong></span> <span class='ocrx_word' id='word_1_171' title='bbox 901 2897 988 2956; x_wconf 85' lang='lat' dir='ltr'><strong><em>Utica</em></strong></span> <span class='ocrx_word' id='word_1_172' title='bbox 998 2898 1186 2976; x_wconf 83' lang='lat' dir='ltr'><strong><em>proptersa·</em></strong></span> 
     </span>
     <span class='ocr_line' id='line_1_24' title="bbox 140 2975 1184 3058; baseline -0.01 -15"><span class='ocrx_word' id='word_1_173' title='bbox 140 3005 237 3043; x_wconf 84' lang='lat' dir='ltr'><strong><em>uorem</em></strong></span> <span class='ocrx_word' id='word_1_174' title='bbox 251 2985 386 3043; x_wconf 88' lang='lat' dir='ltr'><strong><em>ciuitatis</em></strong></span> <span class='ocrx_word' id='word_1_175' title='bbox 407 2981 469 3058; x_wconf 84' lang='lat' dir='ltr'><strong><em>ejus</em></strong></span> <span class='ocrx_word' id='word_1_176' title='bbox 486 2982 518 3038; x_wconf 89' lang='lat' dir='ltr'><strong><em>in</em></strong></span> <span class='ocrx_word' id='word_1_177' title='bbox 535 2979 676 3039; x_wconf 83' lang='lat' dir='ltr'><strong><em>Casarem</em></strong></span> <span class='ocrx_word' id='word_1_178' title='bbox 690 2975 917 3046; x_wconf 80' lang='lat' dir='ltr'><strong><em>deliberaretur,</em></strong></span> <span class='ocrx_word' id='word_1_179' title='bbox 931 2977 1021 3056; x_wconf 86' lang='lat' dir='ltr'><strong><em>idque</em></strong></span> <span class='ocrx_word' id='word_1_180' title='bbox 1032 2995 1068 3032; x_wconf 84' lang='lat' dir='ltr'><strong><em>ne</em></strong></span> <span class='ocrx_word' id='word_1_181' title='bbox 1079 2977 1184 3052; x_wconf 82' lang='lat' dir='ltr'><strong><em>fieret,</em></strong></span> 
     </span>
     <span class='ocr_line' id='line_1_25' title="bbox 141 3052 1186 3128; baseline -0.01 -7"><span class='ocrx_word' id='word_1_182' title='bbox 141 3063 189 3121; x_wconf 80' lang='grc' dir='ltr'><strong><em>Μ.</em></strong></span> <span class='ocrx_word' id='word_1_183' title='bbox 209 3064 283 3120; x_wconf 83' lang='lat' dir='ltr'><strong><em>Cato</em></strong></span> <span class='ocrx_word' id='word_1_184' title='bbox 302 3063 452 3128; x_wconf 88' lang='lat' dir='ltr'><strong><em>tenuisset,</em></strong></span> <span class='ocrx_word' id='word_1_185' title='bbox 467 3057 547 3116; x_wconf 83' lang='lat' dir='ltr'><strong><em>Juba</em></strong></span> <span class='ocrx_word' id='word_1_186' title='bbox 568 3059 718 3124; x_wconf 86' lang='lat' dir='ltr'><strong><em>suadente,</em></strong></span> <span class='ocrx_word' id='word_1_187' title='bbox 737 3063 770 3112; x_wconf 90' lang='lat' dir='ltr'><strong><em>ut</em></strong></span> <span class='ocrx_word' id='word_1_188' title='bbox 792 3057 982 3119; x_wconf 78' lang='lat' dir='ltr'><strong><em>diruereturc</em></strong></span> <span class='ocrx_word' id='word_1_189' title='bbox 1009 3053 1102 3111; x_wconf 90' lang='lat' dir='ltr'><strong><em>tutela</em></strong></span> <span class='ocrx_word' id='word_1_190' title='bbox 1124 3052 1186 3122; x_wconf 86' lang='lat' dir='ltr'><strong><em>e&#39;us</em></strong></span> 
     </span>
     <span class='ocr_line' id='line_1_26' title="bbox 143 3073 1188 3210; baseline -0.011 -12"><span class='ocrx_word' id='word_1_191' title='bbox 143 3150 175 3198; x_wconf 88' lang='lat' dir='ltr'><strong><em>et</em></strong></span> <span class='ocrx_word' id='word_1_192' title='bbox 187 3140 322 3200; x_wconf 86' lang='lat' dir='ltr'><strong><em>custodia</em></strong></span> <span class='ocrx_word' id='word_1_193' title='bbox 335 3139 535 3196; x_wconf 73' lang='lat' dir='ltr'><strong><em>mandataest</em></strong></span> <span class='ocrx_word' id='word_1_194' title='bbox 553 3135 667 3194; x_wconf 85' lang='lat' dir='ltr'><strong><em>Catoni.</em></strong></span> <span class='ocrx_word' id='word_1_195' title='bbox 711 3131 732 3162; x_wconf 72' lang='lat'><strong><em>&#39;³</em></strong></span> <span class='ocrx_word' id='word_1_196' title='bbox 742 3133 794 3190; x_wconf 80' lang='lat' dir='ltr'><strong><em>Cn.</em></strong></span> <span class='ocrx_word' id='word_1_197' title='bbox 809 3132 968 3210; x_wconf 80' lang='lat' dir='ltr'><strong><em>Pompeius</em></strong></span> <span class='ocrx_word' id='word_1_198' title='bbox 982 3073 1188 3206; x_wconf 72' lang='lat' dir='ltr'><strong><em>Maqnifilius</em></strong></span> 
     </span>
     <span class='ocr_line' id='line_1_27' title="bbox 141 3206 1187 3296; baseline -0.012 -21"><span class='ocrx_word' id='word_1_199' title='bbox 141 3222 173 3275; x_wconf 88' lang='lat' dir='ltr'><strong><em>in</em></strong></span> <span class='ocrx_word' id='word_1_200' title='bbox 184 3218 346 3296; x_wconf 77' lang='lat' dir='ltr'><strong><em>Hispania,</em></strong></span> <span class='ocrx_word' id='word_1_201' title='bbox 361 3215 521 3274; x_wconf 89' lang='lat' dir='ltr'><strong><em>contractis</em></strong></span> <span class='ocrx_word' id='word_1_202' title='bbox 533 3213 656 3280; x_wconf 81' lang='lat' dir='ltr'><strong><em>uiribus,</em></strong></span> <span class='ocrx_word' id='word_1_203' title='bbox 691 3229 796 3268; x_wconf 90' lang='lat' dir='ltr'><strong><em>uarum</em></strong></span> <span class='ocrx_word' id='word_1_204' title='bbox 809 3211 949 3267; x_wconf 88' lang='lat' dir='ltr'><strong><em>ducatum</em></strong></span> <span class='ocrx_word' id='word_1_205' title='bbox 962 3227 1015 3265; x_wconf 87' lang='lat' dir='ltr'><strong><em>nec</em></strong></span> <span class='ocrx_word' id='word_1_206' title='bbox 1027 3206 1187 3282; x_wconf 81' lang='lat' dir='ltr'><strong><em>Afranius,</em></strong></span> 
     </span>
     <span class='ocr_line' id='line_1_28' title="bbox 140 3231 1187 3372; baseline -0.014 -18"><span class='ocrx_word' id='word_1_207' title='bbox 140 3317 192 3356; x_wconf 86' lang='lat' dir='ltr'><strong><em>nec</em></strong></span> <span class='ocrx_word' id='word_1_208' title='bbox 208 3295 350 3354; x_wconf 76' lang='lat' dir='ltr'><strong><em>Petreius</em></strong></span> <span class='ocrx_word' id='word_1_209' title='bbox 363 3295 494 3372; x_wconf 79' lang='lat' dir='ltr'><strong><em>occipere</em></strong></span> <span class='ocrx_word' id='word_1_210' title='bbox 508 3289 652 3358; x_wconf 87' lang='lat' dir='ltr'><strong><em>volebant,</em></strong></span> <span class='ocrx_word' id='word_1_211' title='bbox 668 3231 773 3362; x_wconf 72' lang='lat' dir='ltr'><strong><em>bellum</em></strong></span> <span class='ocrx_word' id='word_1_212' title='bbox 788 3287 930 3343; x_wconf 86' lang='lat' dir='ltr'><strong><em>adversus</em></strong></span> <span class='ocrx_word' id='word_1_213' title='bbox 948 3285 1091 3342; x_wconf 80' lang='lat' dir='ltr'><strong><em>Casarcm</em></strong></span> <span class='ocrx_word' id='word_1_214' title='bbox 1104 3301 1187 3340; x_wconf 85' lang='lat' dir='ltr'><strong><em>reno-</em></strong></span> 
     </span>
     <span class='ocr_line' id='line_1_29' title="bbox 142 3358 1187 3443; baseline -0.017 -10"><span class='ocrx_word' id='word_1_215' title='bbox 142 3377 236 3432; x_wconf 79' lang='lat' dir='ltr'><strong><em>uauit.</em></strong></span> <span class='ocrx_word' id='word_1_216' title='bbox 279 3372 461 3443; x_wconf 78' lang='lat' dir='ltr'><strong><em>Pharnaces,</em></strong></span> <span class='ocrx_word' id='word_1_217' title='bbox 472 3369 664 3427; x_wconf 75' lang='lat' dir='ltr'><strong><em>Mithridatis</em></strong></span> <span class='ocrx_word' id='word_1_218' title='bbox 668 3365 768 3442; x_wconf 78' lang='lat' dir='ltr'><strong><em>filius,</em></strong></span> <span class='ocrx_word' id='word_1_219' title='bbox 783 3382 836 3421; x_wconf 79' lang='lat' dir='ltr'><strong><em>rea</em></strong></span> <span class='ocrx_word' id='word_1_220' title='bbox 845 3363 948 3432; x_wconf 85' lang='lat' dir='ltr'><strong><em>Ponti,</em></strong></span> <span class='ocrx_word' id='word_1_221' title='bbox 962 3362 1024 3418; x_wconf 92' lang='lat' dir='ltr'><strong><em>sine</em></strong></span> <span class='ocrx_word' id='word_1_222' title='bbox 1037 3359 1101 3416; x_wconf 90' lang='lat' dir='ltr'><strong><em>ulla</em></strong></span> <span class='ocrx_word' id='word_1_223' title='bbox 1116 3358 1187 3418; x_wconf 88' lang='lat' dir='ltr'><strong><em>belli</em></strong></span> 
     </span>
     <span class='ocr_line' id='line_1_30' title="bbox 141 3437 1186 3516; baseline -0.018 -5"><span class='ocrx_word' id='word_1_224' title='bbox 141 3471 226 3510; x_wconf 85' lang='lat' dir='ltr'><strong><em>mora</em></strong></span> <span class='ocrx_word' id='word_1_225' title='bbox 244 3453 340 3509; x_wconf 84' lang='lat' dir='ltr'><strong><em>victus</em></strong></span> <span class='ocrx_word' id='word_1_226' title='bbox 360 3457 414 3507; x_wconf 86' lang='lat' dir='ltr'><strong><em>est.</em></strong></span> <span class='ocrx_word' id='word_1_227' title='bbox 471 3448 565 3516; x_wconf 87' lang='lat' dir='ltr'><strong><em>Quum</em></strong></span> <span class='ocrx_word' id='word_1_228' title='bbox 579 3445 735 3504; x_wconf 77' lang='lat' dir='ltr'><strong><em>seditiones</em></strong></span> <span class='ocrx_word' id='word_1_229' title='bbox 750 3441 849 3499; x_wconf 81' lang='lat' dir='ltr'><strong><em>Roma</em></strong></span> <span class='ocrx_word' id='word_1_230' title='bbox 864 3460 884 3498; x_wconf 89' lang='lat' dir='ltr'><strong><em>a</em></strong></span> <span class='ocrx_word' id='word_1_231' title='bbox 898 3440 938 3497; x_wconf 90' lang='lat' dir='ltr'><strong><em>P.</em></strong></span> <span class='ocrx_word' id='word_1_232' title='bbox 952 3437 1114 3496; x_wconf 81' lang='lat' dir='ltr'><strong><em>Dolabella</em></strong></span> <span class='ocrx_word' id='word_1_233' title='bbox 1131 3439 1186 3493; x_wconf 93' lang='lat' dir='ltr'><strong><em>tri-</em></strong></span> 
     </span>
     <span class='ocr_line' id='line_1_31' title="bbox 143 3517 1190 3608; baseline -0.015 -20"><span class='ocrx_word' id='word_1_234' title='bbox 143 3529 219 3588; x_wconf 83' lang='lat' dir='ltr'><strong><em>buna</em></strong></span> <span class='ocrx_word' id='word_1_235' title='bbox 230 3527 338 3608; x_wconf 83' lang='lat' dir='ltr'><strong><em>plebis,</em></strong></span> <span class='ocrx_word' id='word_1_236' title='bbox 353 3527 444 3602; x_wconf 61' lang='lat' dir='ltr'><strong><em>lenem</em></strong></span> <span class='ocrx_word' id='word_1_237' title='bbox 456 3527 576 3602; x_wconf 88' lang='lat' dir='ltr'><strong><em>serente</em></strong></span> <span class='ocrx_word' id='word_1_238' title='bbox 597 3525 632 3580; x_wconf 83' lang='lat' dir='ltr'><strong><em>dc</em></strong></span> <span class='ocrx_word' id='word_1_239' title='bbox 650 3522 731 3580; x_wconf 84' lang='lat' dir='ltr'><strong><em>nouis</em></strong></span> <span class='ocrx_word' id='word_1_240' title='bbox 749 3517 869 3586; x_wconf 89' lang='lat' dir='ltr'><strong><em>tabulis,</em></strong></span> <span class='ocrx_word' id='word_1_241' title='bbox 883 3517 1019 3575; x_wconf 79' lang='lat' dir='ltr'><strong><em>excitata</em></strong></span> <span class='ocrx_word' id='word_1_242' title='bbox 1040 3523 1144 3584; x_wconf 84' lang='lat' dir='ltr'><strong><em>essent,</em></strong></span> <span class='ocrx_word' id='word_1_243' title='bbox 1158 3523 1190 3572; x_wconf 90' lang='lat' dir='ltr'><strong><em>et</em></strong></span> 
     </span>
     <span class='ocr_line' id='line_1_32' title="bbox 141 3593 1188 3681; baseline -0.017 -15"><span class='ocrx_word' id='word_1_244' title='bbox 141 3627 178 3666; x_wconf 75' lang='lat' dir='ltr'><strong><em>esc</em></strong></span> <span class='ocrx_word' id='word_1_245' title='bbox 199 3627 235 3666; x_wconf 89' lang='lat' dir='ltr'><strong><em>ea</em></strong></span> <span class='ocrx_word' id='word_1_246' title='bbox 254 3624 359 3664; x_wconf 84' lang='lat' dir='ltr'><strong><em>caussa</em></strong></span> <span class='ocrx_word' id='word_1_247' title='bbox 375 3603 460 3681; x_wconf 87' lang='lat' dir='ltr'><strong><em>plebs</em></strong></span> <span class='ocrx_word' id='word_1_248' title='bbox 483 3601 724 3668; x_wconf 87' lang='lat' dir='ltr'><strong><em>tumultuaretur,</em></strong></span> <span class='ocrx_word' id='word_1_249' title='bbox 738 3597 869 3654; x_wconf 89' lang='lat' dir='ltr'><strong><em>inductis</em></strong></span> <span class='ocrx_word' id='word_1_250' title='bbox 888 3617 907 3652; x_wconf 92' lang='lat' dir='ltr'><strong><em>a</em></strong></span> <span class='ocrx_word' id='word_1_251' title='bbox 921 3593 966 3652; x_wconf 86' lang='grc' dir='ltr'><strong><em>Μ.</em></strong></span> <span class='ocrx_word' id='word_1_252' title='bbox 980 3593 1108 3650; x_wconf 79' lang='lat' dir='ltr'><strong><em>Antonio</em></strong></span> <span class='ocrx_word' id='word_1_253' title='bbox 1126 3611 1188 3649; x_wconf 88' lang='lat' dir='ltr'><strong><em>ma·</em></strong></span> 
     </span>
    </p>
   </div>
   <div class='ocr_carea' id='block_1_9' title="bbox 140 3669 1187 3766">
    <p class='ocr_par' dir='ltr' id='par_1_10' title="bbox 140 3669 1187 3766">
     <span class='ocr_line' id='line_1_33' title="bbox 140 3669 1187 3766; baseline -0.013 -23"><span class='ocrx_word' id='word_1_254' title='bbox 140 3688 238 3764; x_wconf 67' lang='lat' dir='ltr'><strong><em>aistro</em></strong></span> <span class='ocrx_word' id='word_1_255' title='bbox 252 3685 382 3766; x_wconf 80' lang='lat' dir='ltr'><strong><em>equilum</em></strong></span> <span class='ocrx_word' id='word_1_256' title='bbox 399 3683 429 3742; x_wconf 91' lang='lat' dir='ltr'><strong><em>in</em></strong></span> <span class='ocrx_word' id='word_1_257' title='bbox 447 3679 546 3742; x_wconf 86' lang='lat' dir='ltr'><strong><em>urbem</em></strong></span> <span class='ocrx_word' id='word_1_258' title='bbox 563 3675 719 3751; x_wconf 87' lang='lat' dir='ltr'><strong><em>militibus,</em></strong></span> <span class='ocrx_word' id='word_1_259' title='bbox 732 3674 895 3752; x_wconf 73' lang='lat' dir='ltr'><strong><em>octinqcnti</em></strong></span> <span class='ocrx_word' id='word_1_260' title='bbox 908 3669 1016 3752; x_wconf 81' lang='lat' dir='ltr'><strong><em>eplebe</em></strong></span> <span class='ocrx_word' id='word_1_261' title='bbox 1030 3671 1097 3731; x_wconf 79' lang='lat' dir='ltr'><strong><em>cesi</em></strong></span> <span class='ocrx_word' id='word_1_262' title='bbox 1109 3676 1187 3730; x_wconf 87' lang='lat' dir='ltr'><strong><em>sunt.</em></strong></span> 
     </span>
    </p>
   </div>
   <div class='ocr_carea' id='block_1_10' title="bbox 136 3915 1191 4523">
    <p class='ocr_par' dir='ltr' id='par_1_11' title="bbox 137 3915 1191 4128">
     <span class='ocr_line' id='line_1_34' title="bbox 173 3915 1191 4002; baseline -0.028 -14"><span class='ocrx_word' id='word_1_263' title='bbox 173 3940 198 3976; x_wconf 68' lang='grc' dir='ltr'><em>Φ</em></span> <span class='ocrx_word' id='word_1_264' title='bbox 215 3935 351 4002; x_wconf 68' lang='grc' dir='ltr'><strong><em>Εείψιω</em></strong></span> <span class='ocrx_word' id='word_1_265' title='bbox 360 3943 400 3994; x_wconf 84' lang='lat' dir='ltr'><strong><em>est,</em></strong></span> <span class='ocrx_word' id='word_1_266' title='bbox 411 3928 646 3995; x_wconf 78' lang='lat' dir='ltr'><strong><em>nillamymaott.stne</em></strong></span> <span class='ocrx_word' id='word_1_267' title='bbox 677 3933 839 3986; x_wconf 68' lang='lat' dir='ltr'><strong><em>cupersanum</em></strong></span> <span class='ocrx_word' id='word_1_268' title='bbox 848 3927 894 3969; x_wconf 79' lang='lat' dir='ltr'><strong><em>ess.</em></strong></span> <span class='ocrx_word' id='word_1_269' title='bbox 935 3915 1048 3964; x_wconf 64' lang='lat' dir='ltr'><strong><em>senaa</em></strong></span> <span class='ocrx_word' id='word_1_270' title='bbox 1059 3927 1130 3977; x_wconf 81' lang='lat' dir='ltr'><strong><em>quum</em></strong></span> <span class='ocrx_word' id='word_1_271' title='bbox 1143 3915 1191 3962; x_wconf 79' lang='lat' dir='ltr'><strong><em>duo</em></strong></span> 
     </span>
     <span class='ocr_line' id='line_1_35' title="bbox 137 3979 1190 4066; baseline -0.03 -12"><span class='ocrx_word' id='word_1_272' title='bbox 137 4001 250 4066; x_wconf 67' lang='lat' dir='ltr'><strong><em>priests]</em></strong></span> <span class='ocrx_word' id='word_1_273' title='bbox 270 4003 331 4062; x_wconf 58' lang='lat' dir='ltr'><strong><em>lega</em></strong></span> <span class='ocrx_word' id='word_1_274' title='bbox 342 4013 395 4048; x_wconf 85' lang='lat' dir='ltr'><strong><em>cum</em></strong></span> <span class='ocrx_word' id='word_1_275' title='bbox 406 3996 530 4050; x_wconf 80' lang='lat' dir='ltr'><strong><em>Gronovio,</em></strong></span> <span class='ocrx_word' id='word_1_276' title='bbox 544 4003 565 4041; x_wconf 85' lang='lat' dir='ltr'><strong><em>es</em></strong></span> <span class='ocrx_word' id='word_1_277' title='bbox 578 3989 649 4056; x_wconf 75' lang='lat' dir='ltr'><strong><em>offen·</em></strong></span> <span class='ocrx_word' id='word_1_278' title='bbox 680 3987 720 4036; x_wconf 79' lang='lat' dir='ltr'><strong><em>filii</em></strong></span> <span class='ocrx_word' id='word_1_279' title='bbox 736 3984 840 4048; x_wconf 74' lang='lat' dir='ltr'><strong><em>Pompili</em></strong></span> <span class='ocrx_word' id='word_1_280' title='bbox 857 3991 943 4058; x_wconf 64' lang='lat' dir='ltr'><strong><em>aaut,</em></strong></span> <span class='ocrx_word' id='word_1_281' title='bbox 960 3980 999 4042; x_wconf 83' lang='lat' dir='ltr'><strong><em>qui</em></strong></span> <span class='ocrx_word' id='word_1_282' title='bbox 1013 3979 1190 4044; x_wconf 62' lang='lat' dir='ltr'><strong><em>mamanibus</em></strong></span> 
     </span>
     <span class='ocr_line' id='line_1_36' title="bbox 140 4043 1190 4128; baseline -0.029 -10"><span class='ocrx_word' id='word_1_283' title='bbox 140 4077 249 4123; x_wconf 60' lang='lat' dir='ltr'><strong><em>susem</em></strong></span> <span class='ocrx_word' id='word_1_284' title='bbox 258 4065 420 4128; x_wconf 68' lang='lat' dir='ltr'><strong><em>ilhaymnitc</em></strong></span> <span class='ocrx_word' id='word_1_285' title='bbox 436 4055 640 4118; x_wconf 60' lang='lat' dir='ltr'><strong><em>menstruato.</em></strong></span> <span class='ocrx_word' id='word_1_286' title='bbox 682 4043 1014 4112; x_wconf 73' lang='lat' dir='ltr'><strong><em>disdngusbuatur,vcnsimils</em></strong></span> <span class='ocrx_word' id='word_1_287' title='bbox 1023 4045 1190 4093; x_wconf 61' lang='lat' dir='ltr'><strong><em>damnosi</em></strong></span> 
     </span>
    </p>

    <p class='ocr_par' dir='ltr' id='par_1_12' title="bbox 139 4107 1191 4324">
     <span class='ocr_line' id='line_1_37' title="bbox 172 4107 1190 4190; baseline -0.026 -10"><span class='ocrx_word' id='word_1_288' title='bbox 172 4133 194 4170; x_wconf 83' lang='lat'><strong><em>⁹¹</em></strong></span> <span class='ocrx_word' id='word_1_289' title='bbox 219 4129 306 4178; x_wconf 70' lang='lat' dir='ltr'><strong><em>sm</em></strong></span> <span class='ocrx_word' id='word_1_290' title='bbox 326 4126 435 4190; x_wconf 67' lang='lat' dir='ltr'><strong><em>mosmos]</em></strong></span> <span class='ocrx_word' id='word_1_291' title='bbox 464 4122 550 4172; x_wconf 79' lang='lat' dir='ltr'><strong><em>Vocem</em></strong></span> <span class='ocrx_word' id='word_1_292' title='bbox 569 4135 653 4186; x_wconf 78' lang='lat' dir='ltr'><strong><em>paruas</em></strong></span> <span class='ocrx_word' id='word_1_293' title='bbox 682 4125 799 4166; x_wconf 70' lang='lat' dir='ltr'><strong><em>suesanus</em></strong></span> <span class='ocrx_word' id='word_1_294' title='bbox 817 4110 977 4177; x_wconf 65' lang='lat' dir='ltr'><strong><em>spitonensi</em></strong></span> <span class='ocrx_word' id='word_1_295' title='bbox 995 4109 1024 4157; x_wconf 82' lang='lat' dir='ltr'><strong><em>dc</em></strong></span> <span class='ocrx_word' id='word_1_296' title='bbox 1046 4123 1091 4172; x_wconf 85' lang='lat' dir='ltr'><strong><em>quo</em></strong></span> <span class='ocrx_word' id='word_1_297' title='bbox 1111 4107 1190 4168; x_wconf 60' lang='lat' dir='ltr'><strong><em>qebsc</em></strong></span> 
     </span>
     <span class='ocr_line' id='line_1_38' title="bbox 139 4171 1190 4260; baseline -0.029 -13"><span class='ocrx_word' id='word_1_298' title='bbox 139 4199 226 4260; x_wconf 71' lang='lat' dir='ltr'><strong><em>adjicis</em></strong></span> <span class='ocrx_word' id='word_1_299' title='bbox 238 4189 498 4258; x_wconf 71' lang='lat' dir='ltr'><strong><em>Sigoniusexhistosioe</em></strong></span> <span class='ocrx_word' id='word_1_300' title='bbox 514 4187 567 4238; x_wconf 75' lang='lat' dir='ltr'><strong><em>fids.</em></strong></span> <span class='ocrx_word' id='word_1_301' title='bbox 598 4184 652 4234; x_wconf 73' lang='lat' dir='ltr'><strong><em>wc.</em></strong></span> <span class='ocrx_word' id='word_1_302' title='bbox 684 4195 751 4230; x_wconf 82' lang='lat' dir='ltr'><strong><em>suam</em></strong></span> <span class='ocrx_word' id='word_1_303' title='bbox 762 4175 1022 4244; x_wconf 77' lang='lat' dir='ltr'><strong><em>ptoeaomsasddidiscc.</em></strong></span> <span class='ocrx_word' id='word_1_304' title='bbox 1043 4175 1122 4235; x_wconf 76' lang='lat' dir='ltr'><strong><em>Atque</em></strong></span> <span class='ocrx_word' id='word_1_305' title='bbox 1132 4171 1190 4219; x_wconf 83' lang='lat' dir='ltr'><strong><em>illud</em></strong></span> 
     </span>
     <span class='ocr_line' id='line_1_39' title="bbox 139 4235 1191 4324; baseline -0.027 -12"><span class='ocrx_word' id='word_1_306' title='bbox 139 4264 209 4310; x_wconf 73' lang='lat' dir='ltr'><strong><em>lmen</em></strong></span> <span class='ocrx_word' id='word_1_307' title='bbox 220 4261 291 4324; x_wconf 67' lang='lat' dir='ltr'><strong><em>haias</em></strong></span> <span class='ocrx_word' id='word_1_308' title='bbox 301 4257 362 4307; x_wconf 86' lang='lat' dir='ltr'><strong><em>libri.</em></strong></span> <span class='ocrx_word' id='word_1_309' title='bbox 681 4247 741 4296; x_wconf 82' lang='lat' dir='ltr'><strong><em>clare</em></strong></span> <span class='ocrx_word' id='word_1_310' title='bbox 752 4257 884 4309; x_wconf 65' lang='lat' dir='ltr'><strong><em>supremum</em></strong></span> <span class='ocrx_word' id='word_1_311' title='bbox 895 4241 1008 4305; x_wconf 72' lang='lat' dir='ltr'><strong><em>sepositus</em></strong></span> <span class='ocrx_word' id='word_1_312' title='bbox 1017 4238 1041 4286; x_wconf 87' lang='lat' dir='ltr'><strong><em>ia</em></strong></span> <span class='ocrx_word' id='word_1_313' title='bbox 1049 4252 1096 4286; x_wconf 82' lang='lat' dir='ltr'><strong><em>uuo</em></strong></span> <span class='ocrx_word' id='word_1_314' title='bbox 1103 4252 1116 4285; x_wconf 84' lang='lat' dir='ltr'><strong><em>c</em></strong></span> <span class='ocrx_word' id='word_1_315' title='bbox 1124 4235 1191 4284; x_wconf 79' lang='lat' dir='ltr'><strong><em>codd.</em></strong></span> 
     </span>
    </p>

    <p class='ocr_par' dir='ltr' id='par_1_13' title="bbox 136 4299 1191 4523">
     <span class='ocr_line' id='line_1_40' title="bbox 172 4299 1191 4385; baseline -0.027 -9"><span class='ocrx_word' id='word_1_316' title='bbox 172 4327 196 4364; x_wconf 71' lang='lat'><strong><em>⁹²</em></strong></span> <span class='ocrx_word' id='word_1_317' title='bbox 211 4327 254 4375; x_wconf 78' lang='lat' dir='ltr'><strong><em>Cn.</em></strong></span> <span class='ocrx_word' id='word_1_318' title='bbox 271 4323 388 4385; x_wconf 79' lang='lat' dir='ltr'><strong><em>Pompeius</em></strong></span> <span class='ocrx_word' id='word_1_319' title='bbox 405 4319 486 4382; x_wconf 78' lang='lat' dir='ltr'><strong><em>Magni</em></strong></span> <span class='ocrx_word' id='word_1_320' title='bbox 494 4315 571 4378; x_wconf 85' lang='lat' dir='ltr'><strong><em>filins]</em></strong></span> <span class='ocrx_word' id='word_1_321' title='bbox 586 4315 649 4376; x_wconf 61' lang='lat' dir='ltr'><strong><em>Sigo-</em></strong></span> <span class='ocrx_word' id='word_1_322' title='bbox 681 4328 694 4359; x_wconf 80' lang='lat' dir='ltr'><strong><em>a</em></strong></span> <span class='ocrx_word' id='word_1_323' title='bbox 715 4310 833 4362; x_wconf 67' lang='lat' dir='ltr'><strong><em>Gronovius</em></strong></span> <span class='ocrx_word' id='word_1_324' title='bbox 852 4305 966 4373; x_wconf 63' lang='grc' dir='ltr'><strong>ἱψιῑίι.</strong></span> <span class='ocrx_word' id='word_1_325' title='bbox 997 4305 1077 4371; x_wconf 68' lang='lat' dir='ltr'><strong><em>linquis</em></strong></span> <span class='ocrx_word' id='word_1_326' title='bbox 1100 4299 1191 4356; x_wconf 57' lang='lat' dir='ltr'><strong><em>adasai·</em></strong></span> 
     </span>
     <span class='ocr_line' id='line_1_41' title="bbox 136 4380 742 4444; baseline -0.035 -2"><span class='ocrx_word' id='word_1_327' title='bbox 136 4393 191 4441; x_wconf 83' lang='lat' dir='ltr'><strong><em>nias</em></strong></span> <span class='ocrx_word' id='word_1_328' title='bbox 201 4407 230 4440; x_wconf 77' lang='lat' dir='ltr'><strong><em>cu</em></strong></span> <span class='ocrx_word' id='word_1_329' title='bbox 240 4389 403 4442; x_wconf 64' lang='lat' dir='ltr'><strong><em>rescribamus</em></strong></span> <span class='ocrx_word' id='word_1_330' title='bbox 414 4385 457 4441; x_wconf 80' lang='lat' dir='ltr'><strong><em>sis,</em></strong></span> <span class='ocrx_word' id='word_1_331' title='bbox 465 4381 527 4430; x_wconf 82' lang='lat' dir='ltr'><strong><em>libris</em></strong></span> <span class='ocrx_word' id='word_1_332' title='bbox 536 4380 583 4444; x_wconf 78' lang='lat' dir='ltr'><strong><em>legi</em></strong></span> <span class='ocrx_word' id='word_1_333' title='bbox 597 4383 650 4444; x_wconf 80' lang='lat' dir='ltr'><strong><em>jus·</em></strong></span> <span class='ocrx_word' id='word_1_334' title='bbox 683 4391 742 4430; x_wconf 77' lang='lat' dir='ltr'><strong><em>mus.</em></strong></span> 
     </span>
     <span class='ocr_line' id='line_1_42' title="bbox 137 4442 652 4523; baseline -0.045 -11"><span class='ocrx_word' id='word_1_335' title='bbox 137 4455 281 4523; x_wconf 59' lang='lat' dir='ltr'><strong><em>madridi</em></strong></span> <span class='ocrx_word' id='word_1_336' title='bbox 291 4451 417 4515; x_wconf 76' lang='lat' dir='ltr'><strong><em>ansius.</em></strong></span> <span class='ocrx_word' id='word_1_337' title='bbox 448 4447 494 4498; x_wconf 75' lang='lat' dir='ltr'><strong><em>Sed</em></strong></span> <span class='ocrx_word' id='word_1_338' title='bbox 512 4442 541 4494; x_wconf 83' lang='lat' dir='ltr'><strong><em>sb</em></strong></span> <span class='ocrx_word' id='word_1_339' title='bbox 555 4445 605 4495; x_wconf 76' lang='lat' dir='ltr'><strong><em>inde</em></strong></span> <span class='ocrx_word' id='word_1_340' title='bbox 615 4443 652 4494; x_wconf 83' lang='lat' dir='ltr'><strong><em>hic</em></strong></span> 
     </span>
    </p>
   </div>
   <div class='ocr_carea' id='block_1_11' title="bbox 719 4669 734 4712">
    <p class='ocr_par' dir='ltr' id='par_1_14' title="bbox 719 4669 734 4712">
     <span class='ocr_line' id='line_1_43' title="bbox 719 4669 734 4712; baseline 0 0"><span class='ocrx_word' id='word_1_341' title='bbox 719 4669 734 4712; x_wconf 72' lang='lat' dir='ltr'><strong><em>t</em></strong></span> 
     </span>
    </p>
   </div>
   <div class='ocr_carea' id='block_1_12' title="bbox 0 0 1597 5225">
    <p class='ocr_par' dir='ltr' id='par_1_15' title="bbox 0 0 1597 5225">
     <span class='ocr_line' id='line_1_44' title="bbox 0 0 1597 5225; baseline 0 0"><span class='ocrx_word' id='word_1_342' title='bbox 0 0 1597 5225; x_wconf 95' lang='lat' dir='ltr'><strong><em> </em></strong></span> 
     </span>
    </p>
   </div>
  </div>
 </body>
</html>
