3184 5225
489 342 567 401 nrn.
587 343 681 403 xer.
703 342 787 403 cnr.
807 344 877 403 rur.
1149 354 1242 434 nso

166 489 308 572 juvante,
331 502 363 555 et
377 512 441 555 non
456 494 696 575 repugnantibus
708 493 813 559 ,fratris
829 493 946 571 amicis,
961 504 1043 555 ratus
1050 515 1065 570 3
1088 493 1222 575 primum
1236 514 1376 575 uragu,

170 578 212 639 ad
239 600 386 657 sororem,
410 575 521 643 deinde
539 580 589 643 ,ad
614 578 738 643 fratrem
764 580 938 661 amicosque
964 576 1040 658 ejus,
1060 600 1122 641 non
1137 581 1222 661 prius
1233 548 1375 649 dic-1⁶8·

171 662 294 725 destitit
308 666 441 742 mittere,
465 686 556 745 quam
572 686 680 747 pacem
696 686 766 727 cum
782 666 819 727 iis
843 665 1045 728 confirmaret.
1088 662 1222 748 Suspec-

170 762 239 811 tum
247 750 439 813 Antiochum
455 750 608 829 effecerat,
632 752 724 833 quod,
746 764 850 815 cetera
864 748 1001 834 AEgypto
1022 750 1078 811 sibi
1095 752 1221 830 tradita,

170 832 283 898 Pelusii
298 838 430 899 validum
447 837 627 899 ⁴1relictum
642 851 707 897 erat
723 836 905 917 praesidium.
920 837 1098 918 adparebat,
1122 838 1221 899 claus-

170 932 221 983 tra
245 920 376 1005 AEgypti
402 922 510 999 teneri,
532 926 559 961 ⁴²
573 935 617 1001 ut,
631 943 732 1001 ¹quum
750 922 852 999 vellet,
875 943 975 983 rursus
990 924 1159 985 exercitum
1173 924 1224 985 in·

169 1006 323 1071 duceret:
359 1008 439 1071 bello
457 1009 611 1071 intestino
637 1028 708 1071 cum
733 1007 826 1071 fratre
848 1029 917 1071 eum
942 1008 1058 1071 exitum
1079 1008 1155 1087 fore,
1187 1021 1224 1071 ut

168 1093 278 1171 victor,
301 1094 396 1157 lessus
421 1094 599 1169 certamine,
617 1106 817 1175 nequaqnam
843 1114 897 1174 par
921 1092 1078 1155 Antiocho
1103 1094 1222 1160 iuturus

169 1191 261 1241 esset.
306 1178 392 1258 Haec,
414 1179 578 1262 prudenter
594 1179 805 1243 animadversa
820 1200 838 1240 a
853 1177 980 1259 majore,
1005 1200 1074 1241 curn
1090 1179 1221 1247 adsensu
1278 1192 1283 1201 ’

169 1264 273 1327 minor
292 1266 394 1343 frater,
415 1266 524 1349 quique
545 1286 615 1327 cum
629 1286 667 1327 eo
682 1276 778 1343 eraut,
803 1276 1001 1347 acceperunt:
1026 1284 1111 1326 soror
1125 1267 1222 1346 pluri-

149 1371 255 1415 ,mum
277 1351 405 1433 adjuvit,
428 1372 489 1415 non
512 1351 641 1415 consilio
656 1351 758 1430 modo,
783 1351 947 1413 sedetiam
963 1350 1110 1433 precibus.
1155 1351 1221 1413 Ita-
1317 1423 1321 1429 Δ

168 1457 241 1517 que,
256 1438 516 1503 consentientibus
532 1438 649 1499 cunctis
675 1457 750 1517 pace
776 1436 869 1513 facta,
891 1435 1115 1499 Alexandream
1134 1438 1221 1498 reci·

149 1568 152 1574 -
166 1523 262 1604 pitur,
286 1545 324 1585 ne
339 1523 533 1587 multitudine
548 1524 671 1604 quidem
687 1522 886 1585 adversante:
910 1522 1022 1603 quain
1044 1522 1135 1599 bello,
1156 1528 1220 1585 non

166 1630 225 1691 per
248 1610 438 1673 obsidionem
470 1609 573 1687 modo,
603 1608 662 1671 sed
694 1608 789 1673 etiam
822 1620 985 1690 postquam
1017 1628 1036 1667 a
1065 1609 1216 1669 moenibus

169 1696 344 1757 abscessum
359 1708 416 1774 est,
438 1696 510 1778 quia
526 1695 603 1758 nihil
617 1716 657 1757 ex
671 1692 808 1843 AEpypto
823 1695 1055 1770 subvehebatur,
1069 1695 1217 1757 omnium

169 1802 271 1843 rerum
287 1782 454 1847 adtenuata
469 1782 572 1865 inopia
591 1792 666 1843 erat.
743 1780 768 1840 is
792 1801 885 1861 quum
910 1778 1004 1841 laetari
1027 1779 1218 1843 Antiochum

167 1870 354 1930 conveniens
368 1880 458 1947 esset,
481 1870 506 1929 si
530 1866 694 1929 reducendi
711 1864 776 1947 ejus
791 1886 900 1927 caussa
912 1866 1079 1927 exercitmn
1091 1864 1218 1949 AEgyp·

147 1978 153 1987 ·
168 1964 236 2015 tum
252 1954 430 2033 induxisset,
446 1975 506 2036 quo
521 1953 659 2035 specioso
675 1953 764 2015 titulo
779 1951 820 2013 ad
834 1972 939 2013 omnes
953 1950 1033 2012 Asiae
1049 1948 1218 2014 et'Graesu'ae

166 2039 321 2117 civitates,
343 2041 547 2123 legationibus
562 2038 744 2120 recipiendis
759 2032 914 2117 literisque
930 2036 1132 2113 dimittendis,
1146 2057 1219 2099 usus

165 2137 245 2201 arat,
266 2126 345 2189 adeo
361 2139 408 2189 est
423 2127 576 2201 obterens,
599 2137 634 2187 ut
650 2124 746 2185 multo
768 2123 866 2185 acrius
890 2122 1088 2202 infestiusque
1111 2120 1220 2183 adrer-
1288 2162 1295 2173 ι

164 2232 217 2273 sus
234 2210 321 2289 duos,
331 2233 422 2293 quarn
437 2223 509 2275 ante
525 2211 669 2272 adversus
685 2230 789 2287 unum,
802 2218 924 2291 pararet
937 2208 1060 2269 bellum.
1083 2205 1220 2291 Cyprum
1297 2206 1301 2215 '

165 2297 325 2379 extemplo
353 2298 482 2359 classem
510 2297 619 2358 misit:
654 2296 730 2376 ipse,
759 2295 860 2376 primo
888 2314 1057 2371 veretum
1080 2293 1220 2355 exercitu

164 2380 338 2466 AEgyptum
354 2395 472 2464 petens,
488 2382 519 2443 in
535 2380 641 2443 Coelen
657 2379 774 2463 Syriam
791 2380 948 2462 processit.
992 2376 1082 2440 Circa
1096 2378 1218 2441 Rhino·
1309 2411 1312 2414 ·

163 2469 273 2529 colura
287 2466 441 2531 Ptolcmaei
456 2469 564 2550 legatis
580 2468 739 2549 agentibus
753 2466 879 2546 gratias,
894 2465 976 2545 quod
990 2485 1044 2546 per
1059 2486 1129 2525 eum
1145 2484 1215 2545 reg-

164 2574 238 2618 num
255 2555 390 2637 patrium
406 2556 580 2638 recepisset,
592 2552 838 2636 petentibusque,
847 2562 880 2612 ut
894 2571 980 2614 suum
991 2570 1099 2612 munus
1113 2562 1217 2612 tuere·

165 2655 225 2718 tur,
248 2655 281 2703 et
295 2641 411 2702 diceret
425 2641 537 2723 potius,
560 2639 634 2720 quid
649 2639 713 2701 fieri
726 2639 828 2714 vellet,
851 2658 952 2719 quam,
968 2637 1063 2697 hostis
1078 2657 1117 2698 ex
1131 2637 1218 2698 socio

165 2725 276 2805 factus,
297 2728 326 2787 vi
340 2738 434 2808 atque
449 2726 541 2788 armis
556 2738 672 2806 ageret,
694 2724 855 2807 respondit
863 2745 873 2801 3
902 2724 912 2755 ‘
927 2721 999 2784 Non
1015 2721 1102 2784 aliter
1116 2742 1216 2803 neque

167 2813 327 2876 ‘classem
357 2824 587 2888 revocaturum,
603 2832 701 2892 neque
727 2810 895 2872 exercitum
923 2807 1213 2885 reducturum-nisi

166 2900 177 2931 ‘
199 2900 302 2960 sibiet
317 2913 385 2962 tota
400 2897 511 2982 Cypro,
535 2911 567 2959 et
581 2895 710 2973 Pelusio,
734 2916 877 2978 agroque,
901 2895 951 2975 qui
974 2895 1056 2955 circa
1076 2893 1212 2954 Pelusia·
1240 2901 1245 2913 '

168 2986 178 3018 ‘
201 3006 270 3046 curn
285 2987 398 3048 ostium
413 2983 476 3046 Nili
492 2994 582 3060 esset,
594 2982 715 3047 cederet
728 2981 754 3042 ε’
778 2982 919 3064 diemque
934 2980 1104 3062 praestituit,
1131 2980 1215 3040 intra

164 3091 259 3152 quam
274 3075 300 3109 ⁴³
313 3073 350 3154 de
364 3069 591 3134 conditionibus
606 3068 735 3150 peractis
751 3087 927 3148 responsum
943 3066 1106 3146 acciperet.

142 3219 148 3228 ,
212 3153 285 3218 ΧΙΙ.
307 3155 470 3238 Postquam
485 3156 550 3218 dies
566 3155 638 3216 data
660 3153 789 3214 induciis
815 3151 970 3233 praeteriit,
992 3152 1012 3190 *⁴
1028 3153 1055 3187 ⁴⁴
1067 3149 1216 3228 navigan-

168 3242 251 3303 tibus
277 3243 357 3303 ostio
381 3236 444 3304 Nili
476 3242 515 3304 ad
539 3239 727 3314 persistunt,
742 3235 810 3319 sper
834 3237 956 3297 deserta
984 3234 1103 3295 Arabiae
1128 3236 1150 3274 ⁴⁴
1174 3233 1218 3293 ad

166 3326 342 3409 Memphim
357 3328 540 3404 incolebant,
563 3337 595 3388 et
610 3325 648 3384 ab
663 3323 772 3384 ceteris
785 3320 954 3404 AEgyptiis,
975 3319 1089 3401 partim
1105 3318 1215 3378 volun-

165 3424 241 3490 tate,
264 3414 374 3495 partim
389 3425 482 3492 metu,
506 3413 546 3475 ad
568 3408 793 3474 Alexandream
821 3406 948 3467 modicis
973 3404 1132 3466 itineribus
1160 3403 1216 3464 de-

162 3501 292 3563 scendit.
347 3505 374 3540 ⁴⁵
399 3499 449 3564 Ad
478 3493 642 3575 Lausinem
675 3505 863 3573 transgresso
888 3489 1029 3568 flumem·
1045 3490 1096 3570 qui
1129 3489 1217 3551 locus

574 3673 586 3708 ⁴
604 3671 672 3738 [fra]
687 3687 728 3734 pn
739 3669 808 3719 cres.

195 3809 216 3842 ⁴¹
238 3807 351 3858 Ειίῑιιιιηι
372 3817 419 3858 erut
434 3807 567 3870 presidium]
596 3803 670 3853 Corn-
707 3794 1216 3864 diruissseCypromsnroratnr,ruepicsrrrnr

162 3875 392 3937 modiusreliqrssmt.
427 3872 596 3921 Gronovius,
707 3867 852 3916 Antiochum
869 3867 929 3927 apud
946 3880 971 3911 se
987 3861 1108 3910 retinuisse
1128 3861 1215 3922 aliquae

197 3938 221 3970 ⁴⁴
239 3938 279 3996 Ut,
296 3955 364 4000 qurum
383 3939 442 3990 uelit,
459 3947 534 3982 rursus
551 3937 671 3982 exercitum
707 3933 831 3980 maritimas
849 3931 933 3993 copias,
950 3940 977 3976 ut
987 3925 1056 3975 simul
1066 3938 1137 3981 terra,
1146 3924 1215 3972 unrul

159 4003 290 4065 Μωρέ]
309 4003 374 4064 Legit
387 4003 523 4056 Gronovius,
541 4015 608 4062 quum
625 3999 671 4046 ocl-
706 3998 763 4044 mari
784 3995 910 4060 Aigyprnm
926 3995 1092 4055 aggrederetur.
1122 3988 1216 4038 Erebis

162 4069 201 4118 tet.
703 4063 819 4122 navigasse
836 4060 994 4118 intelligentur
1010 4071 1052 4120 per
1067 4055 1151 4102 ostium
1160 4052 1212 4101 lsrli

194 4133 216 4166 ⁴³
234 4131 269 4180 Dc
280 4133 436 4180 maditiunibus
445 4129 548 4192 peractis]
564 4129 618 4175 Vox
631 4143 669 4188 ps·
703 4127 731 4172 ad
742 4126 870 4181 Pelusium,
879 4124 934 4172 dnm
951 4126 1000 4186 ipse
1016 4120 1147 4170 Antiochen
1161 4129 1211 4166 ter·

161 4199 228 4244 raetis
244 4197 334 4244 ridetur
350 4213 399 4247 esse
417 4197 533 4246 mendosa.
566 4193 669 4241 Fortasse
703 4191 770 4239 nestri
799 4192 903 4238 exercitu
935 4203 977 4252 per
1003 4186 1094 4233 desem
1118 4183 1213 4234 Arabiae

160 4261 474 4390 serqpseqypmlggltfflffio
495 4321 556 4388 Nih]
579 4323 669 4372 mm
703 4254 952 4379 AEilphhnlaepiilhem]
972 4313 1214 4364 Emendseum'l'ur·

160 4390 393 4454 classemsyriacam,
407 4408 459 4454 quie
478 4390 580 4452 Cyprum
600 4402 668 4450 supra
703 4383 943 4432 neboetvalesiond
958 4380 1090 4428 Eleusinem.
1122 4377 1215 4426 liburie

160 4457 365 4514 missadititur,et
376 4453 548 4514 inirsalegatis
559 4451 669 4500 &manis
703 4449 767 4498 vicus
783 4448 828 4496 fuir
844 4449 873 4496 ad
888 4448 970 4495 somam
988 4445 1127 4509 Canopica
1144 4444 1214 4506 cuim

733 4534 756 4578 N
775 4535 790 4582 2
1042 4535 1047 4544 “
