3184 5225
373 360 432 427 tots
793 352 989 427 EPITOMAE

380 508 465 575 bunis
484 508 602 589 plebis:
626 505 804 589 imperioque
825 507 854 567 ei
874 506 1027 587 abropata
1041 514 1214 587 corruptum
1227 507 1286 587 Ap.
1304 508 1428 576 Claudii

380 586 540 648 exercitum
561 586 591 667 ia
633 594 787 659 atestatem
811 604 893 646 suam
914 586 1040 661 redeam,
1062 594 1091 645 et
1108 584 1215 667 beilum
1228 584 1297 647 urbi
1310 588 1426 662 intulit,

380 666 520 727 arcessito
539 665 571 723 C.
623 662 691 726 orio
702 684 737 723 es
758 665 784 721 A
805 664 870 722 rica
887 683 951 723 cum
963 662 1033 723 aliis
1046 662 1213 725 exsulibus:
1235 666 1267 723 in
1280 686 1337 745 quo
1352 668 1428 729 bello

381 739 438 801 duo
453 744 585 818 fratres,
608 742 687 801 alter
709 762 744 801 eu
796 742 902 821 ompeii
919 742 1060 812 exercitu,
1074 742 1153 801 alter
1166 762 1201 802 es
1219 744 1328 817 Cinna,
1342 746 1426 823 ipno·

380 829 481 883 runtes
494 829 722 882 concurrerunt:
747 830 787 889 et,
801 841 890 899 quum
902 820 997 879 oic'tor
1010 821 1151 899 spoliaret
1165 823 1301 895 occisum,
1324 826 1427 902 opnita

294 897 295 903 ’
372 898 490 979 fratre,
504 900 618 975 inperiti
631 898 838 977 lamentatione
851 899 944 969 edito,
958 918 1028 975 rapo
1041 900 1069 956 ei
1082 907 1242 973 exstructo,
1257 902 1319 983 ipse
1333 923 1428 982 supra

381 996 483 1053 rapum
496 996 527 1035 se
542 976 717 1053 transfodit,
738 985 767 1035 ct
789 979 887 1037 eodem
900 976 964 1053 ipni
976 986 1142 1037 consumtus
1154 988 1209 1039 est.
1244 980 1265 1017 ¹⁶
1279 982 1322 1039 Et
1335 1002 1426 1061 quum

380 1054 505 1133 obprimi
516 1055 593 1115 inter
601 1055 691 1113 initia
701 1057 878 1135 potuissent,
893 1054 945 1113 Cn.
958 1047 1094 1133 Pompeii
1099 1056 1225 1131 fraude,
1236 1060 1298 1137 qui,
1309 1068 1424 1119 utram-

381 1153 437 1213 que
456 1142 574 1213 partem
589 1132 734 1208 fovendo,
757 1136 836 1193 aues
864 1130 962 1198 Cinna
983 1134 1077 1202 dedit,
1098 1154 1151 1193 nac
1172 1137 1231 1195 nisi
1248 1138 1422 1214 projir'pntis
1481 1146 1486 1153 '

380 1214 565 1289 optimatium
578 1211 664 1270 rebus
677 1212 823 1289 auxilium
838 1210 918 1278 tulit,
938 1219 967 1269 et
980 1212 1106 1274 consulis
1120 1212 1243 1289 sepnitie
1255 1217 1423 1291 confirmati

384 1290 478 1351 Cinna
491 1301 521 1349 et
535 1288 654 1349 Marius
667 1298 796 1369 quatuor
809 1288 996 1360 exercitibus,
1020 1294 1041 1330 ¹⁷
1055 1290 1209 1369 exquibus
1228 1295 1284 1351 duo
1301 1293 1336 1361 Q.
1352 1294 1421 1352 Ser-

381 1372 457 1427 torio
481 1378 510 1427 et
541 1366 668 1445 Carboni
694 1361 861 1437 ductisunt,
885 1366 984 1428 urbem
1007 1368 1264 1430 circumsederunt.
1308 1371 1426 1433 Ostiam

379 1446 521 1511 coloniam
534 1446 654 1521 Marius
667 1434 862 1527 erpnbnavff,
871 1454 900 1505 et
914 1446 1074 1513 crudeliter
1087 1447 1226 1527 diripuit.

827 1940 988 2064 Lixus

416 2174 534 2238 Italicis
543 2176 663 2259 populis
676 2196 695 2235 a
709 2185 813 2235 senatu
827 2178 934 2236 ciuitas
953 2177 1028 2235 datu
1046 2184 1100 2235 est.
1126 2174 1280 2247 Samnites,
1298 2177 1349 2257 qui
1362 2178 1423 2241 soli

376 2278 460 2319 arma
473 2256 649 2327 retinebant,
669 2254 768 2335 Cinna
782 2261 812 2311 et
826 2254 927 2321 Murio
941 2274 971 2315 se
985 2275 1037 2313 con
1044 2256 1206 2313 'unxerunt
1221 2256 1258 2313 ab
1273 2254 1310 2313 iis
1324 2254 1421 2318 Pinu-

375 2340 435 2396 tius
449 2356 513 2394 cum
527 2336 658 2393 exercitu
671 2352 761 2393 casus
775 2342 828 2391 est.
874 2332 968 2391 Cinna
982 2343 1012 2391 et
1061 2334 1146 2391 arius
1159 2353 1223 2394 cum
1248 2334 1379 2403 Carbone
1393 2342 1424 2393 et

375 2414 505 2485 Sertorio
517 2409 687 2474 Ianiculum
700 2420 926 2491 occupauerunt,
940 2420 970 2469 et
980 2412 1091 2488 sapati
1103 2412 1141 2469 ab
1168 2412 1292 2473 Octauio
1305 2414 1425 2474 consuis

374 2499 564 2552 recesserunt.
588 2489 707 2549 Marius
721 2491 859 2560 Antium,
869 2498 899 2547 et
912 2490 1056 2559 Ariciam,
1071 2499 1102 2547 et
1114 2490 1280 2561 &nuvium
1292 2492 1423 2551 colonias

375 2571 556 2631 devastavit.
615 2569 710 2639 Quum
736 2567 821 2628 nulla
848 2564 1014 2646 spes‘esset
1040 2568 1232 2649 optimatibus
1265 2572 1425 2631 resistendi

363 2659 496 2730 vpropter
510 2643 662 2725 sepnitie'm
675 2655 705 2704 et
721 2647 885 2782 pefidiam
898 2656 928 2706 et
941 2649 1046 2706 ducum
1066 2657 1097 2705 et
1118 2649 1258 2719 miiitum,
1279 2652 1331 2728 qui
1354 2669 1419 2710 cor-

374 2731 458 2807 rupti
470 2737 525 2785 aut
535 2743 670 2804 puqnare
683 2743 718 2784 no
732 2719 830 2794 ebant,
844 2734 898 2784 aut
916 2727 957 2785 ad
970 2727 1103 2786 diversas
1120 2736 1226 2805 partes
1241 2727 1418 2802 manabant,

378 2807 472 2865 Cinna
486 2815 515 2864 et
526 2805 646 2863 Marius
660 2806 691 2860 in
705 2803 804 2862 urbem
817 2805 929 2883 recepti
939 2812 1027 2863 suat:
1048 2807 1110 2882 qui,
1122 2805 1204 2862 velut
1216 2815 1344 2884 captam,
1355 2826 1420 2866 cam

374 2885 500 2944 cudibus
521 2893 551 2941 et
574 2883 690 2959 rapinis
710 2889 878 2958 uastarunt,
903 2883 959 2960 Cn.
982 2881 1108 2958 Octauio
1129 2884 1245 2960 consule
1265 2887 1370 2956 occiso,
1389 2895 1420 2943 et

373 2963 503 3022 omnibus
516 2963 648 3020 adversa
658 2962 758 3039 portis
771 2960 917 3020 nobilibus
932 2962 1101 3032 trucidatis,
1116 2963 1195 3020 inter
1206 2982 1279 3041 quos
1293 2963 1339 3023 M.
1354 2966 1419 3023 An·

375 3043 453 3100 tonia
467 3041 701 3119 eloquentissimo
715 3040 790 3109 uiro,
806 3037 829 3083 ¹⁸.
839 3039 874 3098 L.
888 3049 918 3114 et
935 3041 968 3101 0.
986 3039 1112 3109 cesare,
1130 3060 1253 3118 quorum
1272 3045 1375 3120 capita
1387 3045 1421 3099 irs

373 3122 480 3180 rostris
489 3121 591 3198 posita
603 3126 681 3177 sunt.
728 3117 851 3176 Crassus
863 3117 953 3194 filius
974 3116 1013 3175 ab
1029 3119 1176 3196 equitibus
1190 3119 1329 3178 Fimbria
1342 3123 1419 3181 occi·

373 3219 431 3260 sus.
443 3207 533 3278 pater
550 3199 683 3266 Crassus,
708 3215 743 3256 ne
766 3198 841 3278 quid
863 3192 1016 3273 iadipnum
1037 3198 1151 3274 virtute
1173 3216 1228 3260 sua
1249 3207 1419 3288 pateretur,

370 3273 518 3354 pladiose
533 3275 693 3352 transfixit.
734 3272 777 3334 Et
788 3276 867 3348 citra
879 3275 945 3333 ulia
958 3275 1077 3349 comitia
1095 3275 1225 3342 consules
1243 3296 1277 3340 sn
1298 3296 1421 3357 sequen·¹

373 3365 430 3414 tem
442 3375 549 3413 annum
561 3373 591 3414 se
605 3355 683 3433 ipsos
696 3355 960 3412 renunciaverunt:
982 3353 1205 3431 eodemquedie,
1230 3373 1287 3432 quo
1308 3361 1422 3433 mapis·

373 3443 484 3493 tratum
496 3436 636 3504 inierant,
647 3433 767 3491 Marius
780 3431 847 3494 Sea.
862 3432 1008 3490 Licinium
1020 3439 1182 3490 senatorem
1194 3433 1231 3489 de
1244 3451 1317 3492 suso
1330 3436 1422 3510 dejici

362 3511 481 3590 jussum
500 3513 648 3590 editisque
659 3511 761 3582 multis
778 3509 947 3578 sceleribus,
970 3509 1074 3574 Idibus
1096 3508 1252 3573 Jmsariis
1272 3513 1419 3573 messis:

370 3594 427 3662 vir,
443 3591 526 3669 cujus
547 3593 575 3650 si
587 3591 790 3648 examinentur
804 3607 869 3647 cum
880 3587 1042 3646 uirtutibus
1056 3588 1143 3657 uitia,
1166 3588 1249 3646 baud
1260 3589 1362 3664 facile
1375 3593 1422 3650 sit·

371 3671 465 3740 dictu,
488 3677 588 3727 utrum
610 3667 684 3726 bello
705 3667 818 3736 melior,
838 3687 877 3724 an
897 3686 972 3744 pace
991 3667 1185 3745 perniciosior
1197 3667 1311 3743 suerit.
1331 3669 1417 3740 adeo,

370 3769 459 3828 quom
478 3746 687 3830 rempublicam
700 3753 834 3814 armatus
848 3746 988 3815 servavit,
1011 3764 1075 3803 eam
1093 3745 1191 3824 primo
1207 3754 1325 3824 topatus
1338 3749 1419 3811 omni

367 3847 472 3904 ponere
479 3825 618 3904 fraudis,
629 3833 775 3904 postremo
788 3825 882 3893 armis
896 3821 1047 3884 bostiiiter
1060 3825 1178 3883 euertit.
1288 3823 1291 3826 ’

372 4023 450 4090 Publio
460 4026 547 4075 tribum
554 4025 627 4087 piebis.
658 4023 714 4074 Nou
726 4033 773 4072 tum
785 4033 874 4088 coanst
906 4020 978 4075 Mss.
991 4022 1423 4082 Gsooosii,utssfessturvesbumsd

369 4078 576 4164 nobis3'·qu0modo
597 4089 720 4152 legendum
741 4089 779 4145 sit.
805 4103 874 4154 quam
905 4085 929 4132 id
949 4089 1009 4151 quod
1028 4089 1138 4151 sequitur,
1160 4083 1281 4152 mufimsti
1301 4089 1377 4139 Cinna
1396 4101 1419 4142 st

367 4154 510 4214 &omanem
536 4155 659 4204 lectionem
685 4151 788 4202 vitiosam
816 4169 873 4202 esse.
906 4151 1004 4214 Marius.
1036 4153 1229 4217 Vulgopotuiust.

367 4213 484 4281 Appianis
496 4219 557 4266 enim
568 4219 626 4268 libro
635 4221 709 4284 primo
719 4217 788 4269 civil.
808 4219 873 4268 testis
941 4215 961 4253 ¹⁷
979 4213 1078 4272 Quorum
1088 4216 1144 4282 diso]
1162 4219 1295 4288 Complures
1304 4219 1379 4279 MSS.
1389 4232 1419 4274 st

367 4295 403 4337 sss
412 4281 521 4344 majorem
530 4294 620 4348 partem
639 4287 782 4335 tribunorum
800 4283 873 4351 piebis
905 4283 1044 4346 Csmpsnus,
1058 4287 1232 4348 amundus.

367 4365 420 4401 cum
431 4347 526 4396 Octavio
537 4351 642 4400 sensisse.
940 4347 960 4382 ¹⁸
973 4347 1003 4396 L.
1014 4359 1037 4398 st
1049 4348 1183 4414 0.·Οωνν]
1199 4351 1260 4420 Lege
1278 4367 1333 4406 sum
1353 4351 1420 4406 Gua-

402 4410 422 4448 ¹⁶
438 4411 469 4462 Et
497 4429 550 4460 imm
622 4415 658 4464 'mi
675 4417 734 4464 inser
751 4417 871 4478 butiapo·
903 4414 981 4475 aava,
995 4411 1236 4467 anacastra

367 4477 471 4546 roms
505 4477 526 4531 ὀ
542 4429 626 4532 ds*

618 4495 645 4532 us
665 4489 822 4534 suetonum
842 4496 870 4545 ss
