3184 5225
496 370 575 431 LIB.
587 370 680 431 XLV.
702 371 782 430 CAP.
796 371 836 429 11.
1136 381 1192 441 171

141 524 223 587 ludis
247 524 372 602 relictis,
400 524 531 587 domus·
556 546 669 607 magno
692 546 762 607 pers
792 526 951 588 hominnm
977 527 1019 589 sd
1046 522 1369 610 conjugem-M
1471 606 1475 613 ι

141 611 317 691 liberosque
331 611 433 673 letum
452 612 596 673 nuncium
612 614 787 694 portabant.
829 611 951 674 Tertius
970 612 1105 675 decimus
1128 615 1194 678 dies
1206 592 1236 667 Αἵ
1246 588 1277 638 ⁰·
1289 585 1346 637 ¹⁶⁸·

143 708 222 774 eret,
238 698 278 759 nb
292 718 341 774 eo,
357 717 416 777 quo
433 697 463 760 in
479 696 667 760 Macedonia
681 714 850 779 pugnaturn
866 712 924 761 est.

189 783 232 845 ll.
255 781 381 845 Postero
396 784 446 845 die
460 795 582 845 senatus
597 785 629 845 in
651 786 736 846 curis
751 786 883 863 habitus,
897 786 1194 868 supplicationesque

144 872 287 947 decretis,
313 882 345 931 et
359 870 652 933 senatusconsultum
677 871 867 948 factumest,
887 882 923 933 ut
941 873 1058 949 consul,
1082 878 1196 954 ‘quoq

144 968 256 1040 preter
270 956 383 1019 milites
403 957 562 1037 sociosque
577 956 707 1033 navales,
731 954 908 1037 conjuratos
930 957 1067 1036 haberet,
1088 959 1195 1020 dimit·

143 1047 235 1107 teret.
259 1042 297 1103 de
312 1043 458 1104 militibus
474 1043 622 1122 sociisque
638 1043 793 1103 navalibus
819 1042 1010 1105 dimittendis
1026 1044 1200 1122 referretur,

144 1150 240 1211 quum
256 1129 350 1209 legati
363 1131 404 1191 ab
419 1126 456 1191 11.
468 1126 595 1191 AEmilio
611 1129 746 1205 consule,
761 1151 780 1190 a
793 1129 903 1209 quibus
915 1129 1086 1211 praemissus
1097 1131 1195 1191 tabel-

144 1216 239 1277 larius
253 1216 378 1291 essetf.
419 1214 502 1277 Ante
526 1216 608 1277 diem
623 1227 742 1277 sextum
765 1213 920 1277 Kalendas
935 1215 1096 1293 Octobres,
1120 1217 1200 1277 hors

144 1303 208 1363 sere
232 1300 378 1378 secundo,
402 1302 497 1382 legati
521 1292 650 1363 “urbem
674 1302 800 1382 ingressi
815 1314 897 1377 sunt,
919 1301 1076 1381 ingentem
1091 1308 1342 1388 secumtegsnffiae

145 1388 385 1464 obcurrentium,
397 1408 591 1469 quercumque
606 1388 702 1469 ibent,
714 1388 1020 1469 prosequentiumque
1036 1388 1196 1450 trahentes
1207 1376 1273 1424 mnu·
1359 1422 1362 1429 ·

144 1474 280 1550 turbem,
296 1475 329 1535 in
351 1473 448 1535 forum
464 1474 504 1535 sd
527 1474 658 1535 tribunal
673 1484 879 1554 perrexerunt
924 1472 1054 1534 Senatus
1075 1474 1140 1535 fore
1162 1474 1198 1535 in·

147 1560 234 1623 curin
247 1570 335 1621 eret:
367 1581 405 1621 eo
419 1560 538 1641 legatos
553 1560 658 1621 consul
684 1560 863 1622 introduxit.
907 1558 954 1620 lbi
972 1570 1092 1621 tantum
1113 1573 1197 1622 tem-

144 1646 232 1729 poris
246 1646 386 1724 ⁷retenti,
400 1646 473 1707 dnm
485 1658 683 1727 exponerent,
699 1649 842 1727 ‘quantes
853 1646 943 1727 regiae
953 1647 1047 1729 copiae
1058 1647 1197 1728 peditum

144 1733 371 1813 ‘equitumque
396 1732 533 1810 fuissent,
558 1744 634 1813 quot
648 1732 743 1793 millis
767 1753 805 1794 ex
826 1732 874 1793 liis
897 1754 985 1809 caess,
1009 1745 1081 1813 quot
1104 1746 1198 1816 capta

141 1818 294 1895 ‘forent3
332 1838 422 1898 quarn
451 1838 614 1900 paucorum
641 1819 772 1881 militum
793 1817 916 1899 jactura
943 1829 1030 1879 tanta
1059 1820 1197 1895 hostiurn¹
1281 1831 1285 1837 ’
1358 1828 1363 1835 ’

144 1905 291 1986 ‘strages
316 1905 420 1981 facts3
455 1921 545 1984 quem
561 1926 632 1965 cnm
651 1905 754 1987 paucis
779 1926 834 1965 rex
856 1904 1004 1985 fugisset:
1028 1906 1195 1967 existimari

144 1989 418 2053 ‘Samothraciam
442 1990 617 2072 petiturum,
641 2002 780 2073 perstem
797 1991 925 2052 classem
950 1991 991 2051 sd
1011 2011 1196 2071 persequen-

144 2077 248 2139 ‘dum
273 2097 356 2138 esse:
379 2096 479 2157 neque
505 2090 597 2153 terra,
619 2098 718 2157 neque
744 2077 819 2137 mori
833 2077 913 2137 elabi
932 2097 1021 2157 posse
1032 2074 1053 2136 ι’
1087 2076 1195 2137 eedem

144 2164 212 2226 luet
228 2164 331 2245 paullo
346 2175 415 2245 post
439 2162 470 2223 in
493 2163 672 2223 concionem
694 2163 824 2225 traducti
849 2173 1075 2244 exposuerunt:
1107 2182 1195 2222 reno-

143 2260 278 2330 vatoque
309 2249 424 2325 laetitio,
451 2268 543 2328 quum
573 2248 678 2309 consul
709 2248 864 2325 edixisset,
894 2248 956 2308 ‘ut
980 2267 1088 2309 omnes
1116 2245 1327 2324 euertuntu-

146 2336 266 2397 ‘seerae
291 2330 499 2417 operirentur,’
524 2354 580 2413 pro
594 2354 626 2394 se
647 2334 773 2414 quisque
788 2355 828 2395 ex
849 2333 998 2395 concione
1019 2333 1060 2395 ad
1081 2332 1197 2415 gratim
1207 2324 1292 2362 Μ·

147 2421 285 2503 agendas
300 2421 344 2482 ire
358 2418 447 2496 Diis3
480 2420 656 2500 ingentique
673 2420 770 2495 turba,
790 2440 852 2481 non
867 2420 997 2481 virorum
1022 2420 1125 2497 modo,
1141 2421 1196 2497 sed

144 2508 239 2569 etiam
268 2506 462 2581 feminarum,
487 2505 648 2567 ⁸conlertn
666 2516 734 2567 toto
750 2507 823 2566 urbe
837 2506 973 2569 Deorum
988 2506 1195 2567 inmortalium

146 2592 273 2677 templs.
319 2588 460 2669 Senatus,
485 2604 643 2654 revocatus
673 2590 705 2657 in
734 2592 861 2669 curiam,
886 2591 1133 2674 supplicationes,
1155 2594 1196 2654 ob

147 2701 211 2742 rem
225 2679 346 2760 egregie
371 2690 488 2758 gestem
505 2679 543 2738 sb
566 2676 602 2738 L.
617 2676 744 2740 AEmilio
765 2679 900 2756 consule,
923 2679 954 2740 in
975 2679 1107 2761 quinque
1129 2679 1197 2741 dies

147 2767 230 2830 circo
243 2765 348 2826 omnio
372 2764 540 2846 pulvinaria
555 2763 698 2841 decrevit,
726 2765 892 2845 hostiisque
914 2763 1079 2846 majoribus
1101 2765 1195 2826 socri*

147 2851 231 2914 liceri
257 2849 358 2931 jussit.
417 2847 625 2931 Naves,·qure
647 2851 678 2912 in
707 2850 812 2912 Tiberi
841 2862 955 2932 perstre
984 2852 1198 2929 instructaeque

147 2939 281 3014 subant,
309 2936 392 3014 ut,si
419 2957 473 2998 rex
497 2947 600 3017 posset
622 2937 771 3013 resistere,
794 2938 827 2998 in
850 2936 1067 3000 Macedoniam
1089 2939 1195 3001 mitte*

149 3035 262 3100 rentur,
284 3023 422 3100 subduci,
451 3034 482 3083 et
496 3023 527 3084 in
550 3023 706 3085 navalibus
728 3023 905 3085 conlocari:
941 3024 1042 3086 socios
1063 3024 1198 3100 navales,

147 3109 221 3171 dcto
250 3129 351 3170 annno
380 3109 544 3190 stipendio,
567 3109 690 3187 dimitti,
721 3121 753 3171 et
780 3131 850 3171 cum
880 3110 929 3170 his
950 3129 1067 3186 omnes,
1089 3111 1141 3193 qui
1163 3111 1197 3171 in

586 3247 598 3272 ¹
609 3241 678 3287 mmor
688 3239 756 3289 Crev-

181 3345 193 3377 ⁵
212 3343 282 3402 Quos,
300 3353 377 3405 proter
393 3346 471 3392 militer
491 3375 516 3394 ..
533 3345 655 3405 eorrjnrotm
686 3345 777 3400 militer,
786 3360 856 3406 quum
865 3344 920 3391 illud
929 3344 1025 3390 alterurn
1034 3343 1197 3403 jusjurandum

145 3407 249 3469 moeret]
268 3407 392 3468 conjurator
406 3411 510 3456 videmur
528 3409 654 3468 intelligere
686 3425 727 3456 sne
734 3411 851 3456 uoluntate
860 3409 972 3471 jurarent,
979 3409 1001 3454 id
1012 3418 1103 3455 tentum
1114 3409 1197 3456 ἰσίκια

145 3473 232 3522 debere
241 3487 280 3520 ece
289 3472 327 3535 qui
336 3472 389 3520 illud
395 3483 487 3526 tentum
493 3474 654 3538 jusjurandum
685 3488 805 3537 postquam
816 3487 892 3522 essent
909 3474 933 3520 in
943 3474 1048 3520 decedes
1059 3486 1100 3520 eut
1111 3484 1196 3524 oemu-

147 3537 267 3594 dederant,
290 3541 318 3586 de
340 3553 386 3600 qno
411 3539 492 3587 Livius
512 3540 653 3586 mentionem
685 3540 729 3586 ries
745 3538 871 3596 distributi,
886 3554 914 3585 ec
926 3539 1017 3601 proinde
1037 3539 1197 3601 puteolense

148 3603 203 3650 fecit
221 3604 239 3651 l.
260 3615 329 3652 xxti.
348 3619 371 3651 e.
388 3603 429 3652 38.
447 3603 484 3651 hir
501 3603 591 3650 verbis:
614 3605 656 3663 ipsi
686 3617 864 3659 recrementum,
872 3615 900 3651 ut
910 3603 986 3664 colligi
995 3614 1070 3666 potest
1086 3619 1114 3650 ex
1126 3604 1195 3668 Poly·

147 3669 234 3714 intorte
249 3669 498 3728 equiter....perlitee
512 3667 654 3729 corporatum
687 3669 718 3716 bii
738 3669 795 3716 libro
807 3681 842 3717 vr.
875 3670 922 3716 Sed
942 3669 1048 3732 suspicari
1066 3683 1199 3731 possiumus,

145 3729 473 3796 retesrrgeutquefirmidinr't
486 3748 590 3796 ergeuen
606 3732 653 3780 cdi·
685 3734 732 3782 imo
742 3735 853 3782 debemus
863 3749 891 3780 ex
902 3733 945 3782 hoc
956 3734 1016 3790 loco,
1023 3735 1133 3782 ordinem
1143 3749 1195 3782 mu·

148 3805 215 3851 teror,
230 3811 299 3857 ireque
320 3813 345 3844 er
366 3797 441 3843 ordine
460 3811 585 3855 recessuros,
607 3807 652 3843 etc.
685 3810 760 3848 tarum
772 3815 823 3846 esse
835 3810 952 3861 postquem
962 3800 1004 3846 illo
1019 3800 1195 3862 jurejurando·

147 3860 276 3922 llli,quum
287 3859 656 3920 hiedtninguanturrmninbus.
687 3864 786 3912 tribunis
803 3864 862 3923 adigi
880 3865 949 3930 ooepti
968 3877 1032 3924 sunt,
1050 3878 1072 3912 er
1093 3881 1134 3913 eos
1154 3865 1196 3925 qni

146 3925 293 3973 existimandi
309 3937 363 3974 runt
378 3926 479 3974 nondum
497 3927 571 3974 adecti
587 3927 654 3974 fuisse
687 3929 873 3978 lectistribunis
891 3930 1040 3989 inlegionem
1055 3944 1129 3986 erent,
1146 3942 1194 3978 sta·

146 3989 237 4038 solenni
258 3989 298 4036 illo
318 3990 406 4038 mditire
427 4003 576 4047 ucremento,
588 3992 656 4050 justu
686 3995 729 4042 tim
741 3996 795 4042 illud
804 3995 965 4056 jusjurandum
977 3995 1074 4054 dedisse,
1088 3996 1150 4043 unde
1160 3995 1194 4042 di·

148 4055 417 4110 mmmmm
432 4072 499 4117 nuque
514 4057 654 4118 injuriandi·
688 4073 796 4118 ceremur
806 4061 924 4118 minorati.
1286 4059 1290 4065 ”

148 4126 221 4168 tneo:
238 4133 286 4180 que
298 4119 336 4180 qni
346 4119 438 4184 obligati
449 4121 548 4175 ermuli
563 4122 655 4168 demum
720 4123 732 4158 ⁶
752 4125 831 4172 Urbem
848 4125 938 4184 ingresi
953 4132 1005 4170 eunt
1017 4157 1023 4172 .
1035 4159 1042 4171 .
1053 4126 1083 4171 ad
1097 4123 1196 4171 tribuual

146 4181 203 4296 Reti
214 4183 297 4231 militer
315 4185 474 4234 censebantur.
508 4186 587 4247 ltaque
597 4186 657 4234 im're
687 4187 841 4255 perr-ererum]
851 4187 911 4234 Dele
922 4189 1019 4236 verbum
1026 4197 1088 4238 arnt.

211 4250 259 4311 ipro
274 4248 347 4312 cipite
366 4249 455 4300 dimitri
476 4249 584 4300 dicontur
605 4263 656 4314 port
721 4251 1195 4315 ⁷Rmu....apmaunr]1nnoe

146 4313 271 4362 mmmm
288 4313 427 4375 legrrmun,
435 4323 549 4378 quotquot
566 4316 589 4364 in
600 4331 655 4364 eon·
688 4319 782 4366 demum
803 4317 882 4372 verbo,
906 4328 956 4380 post
982 4317 1117 4381 interposite
1133 4319 1196 4378 legs·

145 4375 202 4426 uult·
212 4378 279 4424 verbe
293 4377 434 4441 juraverant,
453 4381 474 4428 id
487 4392 533 4437 ert,
552 4381 568 4426 ii
578 4397 591 4428 ι
602 4383 654 4444 qui.
686 4395 763 4432 torum
774 4383 835 4430 dicte
847 4383 869 4428 in
880 4394 972 4441 numu,
983 4384 1082 4445 quiescit
1092 4386 1173 4430 matio.

143 4441 294 4492 bursolenus
303 4457 473 4497 recrementum
491 4445 579 4494 muiu-
590 4461 655 4494 errc-
720 4447 854 4511 *carpene
871 4448 1035 4496 ...dmm
1042 4448 1197 4498 remnants

144 4507 458 4566 emmerammum.
491 4511 655 4575 Apprretqui·
690 4512 782 4576 templu]
802 4511 969 4576 Snppleerout.

144 4571 199 4621 dem
221 4589 251 4623 ex
277 4585 410 4624 mmoreto
434 4591 501 4640 tuprr
529 4575 584 4624 Livii
604 4577 658 4624 loco
