<?xml version="1.0" encoding="UTF-8"?>
<!DOCTYPE html PUBLIC "-//W3C//DTD XHTML 1.0 Transitional//EN"
    "http://www.w3.org/TR/xhtml1/DTD/xhtml1-transitional.dtd">
<html xmlns="http://www.w3.org/1999/xhtml" xml:lang="en" lang="en">
 <head>
  <title>
</title>
<meta http-equiv="Content-Type" content="text/html;charset=utf-8" />
  <meta name='ocr-system' content='tesseract 3.04.00' />
  <meta name='ocr-capabilities' content='ocr_page ocr_carea ocr_par ocr_line ocrx_word'/>
</head>
<body>
  <div class='ocr_page' id='page_1' title='image "./tliviipatavinih02grongoog_0289.png"; bbox 0 0 3184 5225; ppageno 0'>
   <div class='ocr_carea' id='block_1_1' title="bbox 555 371 1209 440">
    <p class='ocr_par' dir='ltr' id='par_1_1' title="bbox 555 371 1209 440">
     <span class='ocr_line' id='line_1_1' title="bbox 555 371 1209 440; baseline -0.008 -8"><span class='ocrx_word' id='word_1_1' title='bbox 555 371 815 432; x_wconf 77' lang='lat' dir='ltr'><strong>FRAGMENTA.</strong></span> <span class='ocrx_word' id='word_1_2' title='bbox 1150 383 1209 440; x_wconf 61' lang='grc' dir='ltr'>εει</span> 
     </span>
    </p>
   </div>
   <div class='ocr_carea' id='block_1_2' title="bbox 165 497 1210 867">
    <p class='ocr_par' dir='ltr' id='par_1_2' title="bbox 165 497 1210 867">
     <span class='ocr_line' id='line_1_2' title="bbox 207 497 1207 610; baseline 0.004 -22"><span class='ocrx_word' id='word_1_3' title='bbox 207 523 329 588; x_wconf 87' lang='lat' dir='ltr'>Malum</span> <span class='ocrx_word' id='word_1_4' title='bbox 339 545 430 587; x_wconf 85' lang='lat' dir='ltr'>omen</span> <span class='ocrx_word' id='word_1_5' title='bbox 445 536 502 604; x_wconf 84' lang='lat' dir='ltr'>cst,</span> <span class='ocrx_word' id='word_1_6' title='bbox 511 497 629 608; x_wconf 65' lang='lat' dir='ltr'>qrrotiei</span> <span class='ocrx_word' id='word_1_7' title='bbox 641 524 751 604; x_wconf 85' lang='lat' dir='ltr'>AEtns,</span> <span class='ocrx_word' id='word_1_8' title='bbox 766 547 854 588; x_wconf 90' lang='lat' dir='ltr'>mons</span> <span class='ocrx_word' id='word_1_9' title='bbox 866 523 986 604; x_wconf 86' lang='lat' dir='ltr'>Sicilire,</span> <span class='ocrx_word' id='word_1_10' title='bbox 1007 547 1070 590; x_wconf 89' lang='lat' dir='ltr'>non</span> <span class='ocrx_word' id='word_1_11' title='bbox 1081 526 1207 610; x_wconf 82' lang='lat' dir='ltr'>fumum,</span> 
     </span>
     <span class='ocr_line' id='line_1_3' title="bbox 165 611 1208 694; baseline 0.005 -21"><span class='ocrx_word' id='word_1_12' title='bbox 165 611 220 674; x_wconf 87' lang='lat' dir='ltr'>sed</span> <span class='ocrx_word' id='word_1_13' title='bbox 234 611 426 673; x_wconf 84' lang='lat' dir='ltr'>flammarum</span> <span class='ocrx_word' id='word_1_14' title='bbox 441 614 538 693; x_wconf 87' lang='lat' dir='ltr'>egerit</span> <span class='ocrx_word' id='word_1_15' title='bbox 553 613 680 694; x_wconf 88' lang='lat' dir='ltr'>globos;</span> <span class='ocrx_word' id='word_1_16' title='bbox 701 625 743 691; x_wconf 84' lang='lat' dir='ltr'>et,</span> <span class='ocrx_word' id='word_1_17' title='bbox 757 626 793 676; x_wconf 89' lang='lat' dir='ltr'>ut</span> <span class='ocrx_word' id='word_1_18' title='bbox 808 612 882 676; x_wconf 91' lang='lat' dir='ltr'>dicit</span> <span class='ocrx_word' id='word_1_19' title='bbox 897 611 1009 690; x_wconf 83' lang='lat' dir='ltr'>Livius,</span> <span class='ocrx_word' id='word_1_20' title='bbox 1022 623 1108 676; x_wconf 89' lang='lat' dir='ltr'>tanta</span> <span class='ocrx_word' id='word_1_21' title='bbox 1120 615 1208 678; x_wconf 81' lang='lat' dir='ltr'>flam-</span> 
     </span>
     <span class='ocr_line' id='line_1_4' title="bbox 165 696 1209 778; baseline 0.007 -19"><span class='ocrx_word' id='word_1_22' title='bbox 165 703 218 760; x_wconf 90' lang='lat' dir='ltr'>m&#39;a</span> <span class='ocrx_word' id='word_1_23' title='bbox 232 711 305 760; x_wconf 84' lang='lat' dir='ltr'>ante</span> <span class='ocrx_word' id='word_1_24' title='bbox 326 709 457 760; x_wconf 86' lang='lat' dir='ltr'>mortem</span> <span class='ocrx_word' id='word_1_25' title='bbox 473 696 599 760; x_wconf 73' lang='lat' dir='ltr'>Caesaris</span> <span class='ocrx_word' id='word_1_26' title='bbox 621 721 660 760; x_wconf 89' lang='lat' dir='ltr'>ex</span> <span class='ocrx_word' id='word_1_27' title='bbox 684 697 784 760; x_wconf 81' lang='lat' dir='ltr'>AEtna</span> <span class='ocrx_word' id='word_1_28' title='bbox 806 713 911 763; x_wconf 86' lang='lat' dir='ltr'>monte</span> <span class='ocrx_word' id='word_1_29' title='bbox 933 699 1070 778; x_wconf 84' lang='lat' dir='ltr'>defluxit,</span> <span class='ocrx_word' id='word_1_30' title='bbox 1093 713 1209 766; x_wconf 88' lang='lat' dir='ltr'>utnon</span> 
     </span>
     <span class='ocr_line' id='line_1_5' title="bbox 165 783 1210 867; baseline 0.003 -18"><span class='ocrx_word' id='word_1_31' title='bbox 165 796 287 849; x_wconf 84' lang='lat' dir='ltr'>tanturn</span> <span class='ocrx_word' id='word_1_32' title='bbox 301 785 408 847; x_wconf 79' lang='lat' dir='ltr'>vicina</span> <span class='ocrx_word' id='word_1_33' title='bbox 422 786 522 863; x_wconf 90' lang='lat' dir='ltr'>urbes,</span> <span class='ocrx_word' id='word_1_34' title='bbox 537 785 699 848; x_wconf 85' lang='lat' dir='ltr'>sedetiam</span> <span class='ocrx_word' id='word_1_35' title='bbox 727 783 870 866; x_wconf 85' lang='lat' dir='ltr'>Rhegina</span> <span class='ocrx_word' id='word_1_36' title='bbox 883 787 999 864; x_wconf 85' lang='lat' dir='ltr'>civitas,</span> <span class='ocrx_word' id='word_1_37' title='bbox 1020 806 1086 867; x_wconf 78' lang='lat' dir='ltr'>quae</span> <span class='ocrx_word' id='word_1_38' title='bbox 1112 789 1210 854; x_wconf 89' lang='lat' dir='ltr'>multo</span> 
     </span>
    </p>
   </div>
   <div class='ocr_carea' id='block_1_3' title="bbox 166 870 679 1016">
    <p class='ocr_par' dir='ltr' id='par_1_3' title="bbox 166 870 679 1016">
     <span class='ocr_line' id='line_1_6' title="bbox 166 870 679 954; baseline -0.004 -20"><span class='ocrx_word' id='word_1_39' title='bbox 166 872 266 954; x_wconf 88' lang='lat' dir='ltr'>spatio</span> <span class='ocrx_word' id='word_1_40' title='bbox 281 871 321 932; x_wconf 89' lang='lat' dir='ltr'>ab</span> <span class='ocrx_word' id='word_1_41' title='bbox 335 893 373 933; x_wconf 90' lang='lat' dir='ltr'>ea</span> <span class='ocrx_word' id='word_1_42' title='bbox 387 871 491 948; x_wconf 84' lang='lat' dir='ltr'>distat,</span> <span class='ocrx_word' id='word_1_43' title='bbox 506 870 679 932; x_wconf 85' lang='lat' dir='ltr'>adflaretur.</span> 
     </span>
     <span class='ocr_line' id='line_1_7' title="bbox 196 953 530 1016; baseline 0 -13"><span class='ocrx_word' id='word_1_44' title='bbox 196 953 376 1016; x_wconf 72' lang='lat' dir='ltr'>Seu-sdlsrrg.</span> <span class='ocrx_word' id='word_1_45' title='bbox 387 954 530 1004; x_wconf 72' lang='lat' dir='ltr'>Ganttl.</span> 
     </span>
    </p>
   </div>
   <div class='ocr_carea' id='block_1_4' title="bbox 152 1021 1211 1330">
    <p class='ocr_par' dir='ltr' id='par_1_4' title="bbox 152 1021 1211 1284">
     <span class='ocr_line' id='line_1_8' title="bbox 210 1021 1211 1105; baseline 0.008 -21"><span class='ocrx_word' id='word_1_46' title='bbox 210 1023 302 1092; x_wconf 86' lang='lat' dir='ltr'>Quod</span> <span class='ocrx_word' id='word_1_47' title='bbox 316 1023 355 1084; x_wconf 90' lang='lat' dir='ltr'>dc</span> <span class='ocrx_word' id='word_1_48' title='bbox 370 1021 488 1084; x_wconf 65' lang='lat' dir='ltr'>cesare</span> <span class='ocrx_word' id='word_1_49' title='bbox 503 1021 577 1082; x_wconf 90' lang='lat' dir='ltr'>olim</span> <span class='ocrx_word' id='word_1_50' title='bbox 592 1021 708 1104; x_wconf 86' lang='lat' dir='ltr'>majore</span> <span class='ocrx_word' id='word_1_51' title='bbox 722 1023 813 1103; x_wconf 79' lang='lat' dir='ltr'>vulgo</span> <span class='ocrx_word' id='word_1_52' title='bbox 830 1023 1004 1087; x_wconf 91' lang='lat' dir='ltr'>dictitatum</span> <span class='ocrx_word' id='word_1_53' title='bbox 1020 1038 1078 1105; x_wconf 86' lang='lat' dir='ltr'>est,</span> <span class='ocrx_word' id='word_1_54' title='bbox 1098 1039 1131 1090; x_wconf 86' lang='lat' dir='ltr'>et</span> <span class='ocrx_word' id='word_1_55' title='bbox 1143 1023 1211 1093; x_wconf 76' lang='lat' dir='ltr'>a&#39;I&#39;.</span> 
     </span>
     <span class='ocr_line' id='line_1_9' title="bbox 152 1108 1210 1193; baseline 0.005 -22"><span class='ocrx_word' id='word_1_56' title='bbox 152 1109 252 1172; x_wconf 68' lang='lat' dir='ltr'>’Livio</span> <span class='ocrx_word' id='word_1_57' title='bbox 268 1110 414 1191; x_wconf 90' lang='lat' dir='ltr'>positum,</span> <span class='ocrx_word' id='word_1_58' title='bbox 436 1110 468 1170; x_wconf 86' lang='lat' dir='ltr'>in</span> <span class='ocrx_word' id='word_1_59' title='bbox 483 1108 600 1170; x_wconf 84' lang='lat' dir='ltr'>incerto</span> <span class='ocrx_word' id='word_1_60' title='bbox 614 1129 691 1187; x_wconf 85' lang='lat' dir='ltr'>esse,</span> <span class='ocrx_word' id='word_1_61' title='bbox 716 1121 818 1170; x_wconf 85' lang='lat' dir='ltr'>utrum</span> <span class='ocrx_word' id='word_1_62' title='bbox 834 1108 918 1171; x_wconf 90' lang='lat' dir='ltr'>illum</span> <span class='ocrx_word' id='word_1_63' title='bbox 943 1113 1040 1193; x_wconf 82' lang='lat' dir='ltr'>magis</span> <span class='ocrx_word' id='word_1_64' title='bbox 1062 1115 1146 1176; x_wconf 84' lang='lat' dir='ltr'>nasei</span> <span class='ocrx_word' id='word_1_65' title='bbox 1167 1114 1210 1176; x_wconf 92' lang='lat' dir='ltr'>rei</span> 
     </span>
     <span class='ocr_line' id='line_1_10' title="bbox 164 1195 1183 1284; baseline 0.009 -28"><span class='ocrx_word' id='word_1_66' title='bbox 164 1195 292 1280; x_wconf 79' lang='lat' dir='ltr'>publicae</span> <span class='ocrx_word' id='word_1_67' title='bbox 306 1195 463 1278; x_wconf 79' lang='lat' dir='ltr'>profuerit,</span> <span class='ocrx_word' id='word_1_68' title='bbox 478 1216 518 1256; x_wconf 88' lang='lat' dir='ltr'>an</span> <span class='ocrx_word' id='word_1_69' title='bbox 532 1215 595 1258; x_wconf 89' lang='lat' dir='ltr'>non</span> <span class='ocrx_word' id='word_1_70' title='bbox 609 1196 705 1274; x_wconf 87' lang='lat' dir='ltr'>nasci,</span> <span class='ocrx_word' id='word_1_71' title='bbox 718 1195 780 1256; x_wconf 90' lang='lat' dir='ltr'>dici</span> <span class='ocrx_word' id='word_1_72' title='bbox 796 1195 889 1258; x_wconf 88' lang='lat' dir='ltr'>etiam</span> <span class='ocrx_word' id='word_1_73' title='bbox 905 1196 943 1258; x_wconf 92' lang='lat' dir='ltr'>de</span> <span class='ocrx_word' id='word_1_74' title='bbox 958 1199 1055 1262; x_wconf 81' lang='lat' dir='ltr'>ventis</span> <span class='ocrx_word' id='word_1_75' title='bbox 1070 1211 1183 1284; x_wconf 84' lang='lat' dir='ltr'>potest.</span> 
     </span>
    </p>

    <p class='ocr_par' dir='ltr' id='par_1_5' title="bbox 197 1277 537 1330">
     <span class='ocr_line' id='line_1_11' title="bbox 197 1277 537 1330; baseline -0.003 0"><span class='ocrx_word' id='word_1_76' title='bbox 197 1279 289 1330; x_wconf 69' lang='lat' dir='ltr'>&amp;uses</span> <span class='ocrx_word' id='word_1_77' title='bbox 298 1277 356 1328; x_wconf 80' lang='lat' dir='ltr'>Nat.</span> <span class='ocrx_word' id='word_1_78' title='bbox 368 1277 451 1328; x_wconf 67' lang='grc' dir='ltr'><strong>θυαε.</strong></span> <span class='ocrx_word' id='word_1_79' title='bbox 463 1293 486 1327; x_wconf 90' lang='lat' dir='ltr'>r.</span> <span class='ocrx_word' id='word_1_80' title='bbox 500 1279 537 1329; x_wconf 77' lang='lat'>10.</span> 
     </span>
    </p>
   </div>
   <div class='ocr_carea' id='block_1_5' title="bbox 573 1394 800 1445">
    <p class='ocr_par' dir='ltr' id='par_1_6' title="bbox 573 1394 800 1445">
     <span class='ocr_line' id='line_1_12' title="bbox 573 1394 800 1445; baseline 0.004 -1"><span class='ocrx_word' id='word_1_81' title='bbox 573 1394 622 1444; x_wconf 81' lang='lat' dir='ltr'>AD</span> <span class='ocrx_word' id='word_1_82' title='bbox 637 1395 704 1445; x_wconf 72' lang='grc' dir='ltr'>ΗΒ.</span> <span class='ocrx_word' id='word_1_83' title='bbox 721 1396 800 1445; x_wconf 74' lang='lat' dir='ltr'><strong>CXX.</strong></span> 
     </span>
    </p>
   </div>
   <div class='ocr_carea' id='block_1_6' title="bbox 158 1485 1212 4242">
    <p class='ocr_par' dir='ltr' id='par_1_7' title="bbox 158 1485 1210 3292">
     <span class='ocr_line' id='line_1_13' title="bbox 208 1485 1209 1575; baseline 0.008 -27"><span class='ocrx_word' id='word_1_84' title='bbox 208 1485 257 1550; x_wconf 88' lang='lat' dir='ltr'>M.</span> <span class='ocrx_word' id='word_1_85' title='bbox 273 1487 384 1550; x_wconf 85' lang='lat' dir='ltr'>Cicero</span> <span class='ocrx_word' id='word_1_86' title='bbox 398 1488 454 1549; x_wconf 91' lang='lat' dir='ltr'>sub</span> <span class='ocrx_word' id='word_1_87' title='bbox 477 1487 638 1550; x_wconf 82' lang='lat' dir='ltr'>aduentum</span> <span class='ocrx_word' id='word_1_88' title='bbox 653 1489 876 1551; x_wconf 80' lang='lat' dir='ltr'>triumvirorum</span> <span class='ocrx_word' id='word_1_89' title='bbox 899 1499 1032 1553; x_wconf 74' lang='lat' dir='ltr'>cesserat</span> <span class='ocrx_word' id='word_1_90' title='bbox 1045 1491 1130 1570; x_wconf 88' lang='lat' dir='ltr'>urbe,</span> <span class='ocrx_word' id='word_1_91' title='bbox 1153 1513 1209 1575; x_wconf 88' lang='lat' dir='ltr'>pro</span> 
     </span>
     <span class='ocr_line' id='line_1_14' title="bbox 163 1574 1209 1659; baseline 0.005 -22"><span class='ocrx_word' id='word_1_92' title='bbox 163 1587 250 1638; x_wconf 88' lang='lat' dir='ltr'>certo</span> <span class='ocrx_word' id='word_1_93' title='bbox 276 1575 403 1652; x_wconf 88' lang='lat' dir='ltr'>habens,</span> <span class='ocrx_word' id='word_1_94' title='bbox 430 1574 463 1635; x_wconf 89' lang='lat' dir='ltr'>id</span> <span class='ocrx_word' id='word_1_95' title='bbox 488 1575 570 1656; x_wconf 89' lang='lat' dir='ltr'>quod</span> <span class='ocrx_word' id='word_1_96' title='bbox 596 1587 673 1654; x_wconf 88' lang='lat' dir='ltr'>erat,</span> <span class='ocrx_word' id='word_1_97' title='bbox 688 1596 764 1639; x_wconf 18' lang='lat' dir='ltr'>,non</span> <span class='ocrx_word' id='word_1_98' title='bbox 787 1575 884 1657; x_wconf 82' lang='lat' dir='ltr'>magis</span> <span class='ocrx_word' id='word_1_99' title='bbox 908 1575 1044 1638; x_wconf 85' lang='lat' dir='ltr'>Antonio</span> <span class='ocrx_word' id='word_1_100' title='bbox 1067 1578 1109 1638; x_wconf 91' lang='lat' dir='ltr'>eri</span> <span class='ocrx_word' id='word_1_101' title='bbox 1132 1579 1141 1640; x_wconf 93' lang='lat' dir='ltr'>i</span> <span class='ocrx_word' id='word_1_102' title='bbox 1166 1600 1209 1659; x_wconf 89' lang='lat' dir='ltr'>se,</span> 
     </span>
     <span class='ocr_line' id='line_1_15' title="bbox 163 1599 1207 1744; baseline 0.005 -22"><span class='ocrx_word' id='word_1_103' title='bbox 163 1682 256 1743; x_wconf 88' lang='lat' dir='ltr'>quam</span> <span class='ocrx_word' id='word_1_104' title='bbox 284 1660 395 1722; x_wconf 77' lang='lat' dir='ltr'>Caesari</span> <span class='ocrx_word' id='word_1_105' title='bbox 418 1658 557 1722; x_wconf 89' lang='lat' dir='ltr'>Cassium</span> <span class='ocrx_word' id='word_1_106' title='bbox 572 1673 605 1722; x_wconf 88' lang='lat' dir='ltr'>et</span> <span class='ocrx_word' id='word_1_107' title='bbox 618 1659 759 1740; x_wconf 80' lang='lat' dir='ltr'><strong>Brutum,</strong></span> <span class='ocrx_word' id='word_1_108' title='bbox 781 1683 880 1744; x_wconf 80' lang='lat' dir='ltr'>posse.</span> <span class='ocrx_word' id='word_1_109' title='bbox 926 1660 1027 1724; x_wconf 88' lang='lat' dir='ltr'>Primo</span> <span class='ocrx_word' id='word_1_110' title='bbox 1042 1663 1074 1724; x_wconf 91' lang='lat' dir='ltr'>in</span> <span class='ocrx_word' id='word_1_111' title='bbox 1088 1599 1207 1728; x_wconf 56' lang='lat' dir='ltr'>dascu-</span> 
     </span>
     <span class='ocr_line' id='line_1_16' title="bbox 164 1746 1209 1829; baseline 0.005 -21"><span class='ocrx_word' id='word_1_112' title='bbox 164 1747 270 1810; x_wconf 90' lang='lat' dir='ltr'>lanum</span> <span class='ocrx_word' id='word_1_113' title='bbox 285 1747 376 1829; x_wconf 79' lang='lat' dir='ltr'>fugit,</span> <span class='ocrx_word' id='word_1_114' title='bbox 390 1747 461 1809; x_wconf 89' lang='lat' dir='ltr'>iude</span> <span class='ocrx_word' id='word_1_115' title='bbox 476 1749 654 1809; x_wconf 82' lang='lat' dir='ltr'>transversis</span> <span class='ocrx_word' id='word_1_116' title='bbox 675 1748 832 1810; x_wconf 79' lang='lat' dir='ltr'>itineribus</span> <span class='ocrx_word' id='word_1_117' title='bbox 848 1749 879 1810; x_wconf 92' lang='lat' dir='ltr'>in</span> <span class='ocrx_word' id='word_1_118' title='bbox 896 1746 1102 1827; x_wconf 81' lang='lat' dir='ltr'>Formianum,</span> <span class='ocrx_word' id='word_1_119' title='bbox 1120 1761 1155 1812; x_wconf 91' lang='lat' dir='ltr'>ut</span> <span class='ocrx_word' id='word_1_120' title='bbox 1169 1753 1209 1813; x_wconf 88' lang='lat' dir='ltr'>ab</span> 
     </span>
     <span class='ocr_line' id='line_1_17' title="bbox 164 1831 1209 1917; baseline 0.005 -23"><span class='ocrx_word' id='word_1_121' title='bbox 164 1832 276 1916; x_wconf 84' lang='lat' dir='ltr'>Cajeta</span> <span class='ocrx_word' id='word_1_122' title='bbox 288 1835 392 1895; x_wconf 80' lang='lat' dir='ltr'>navim</span> <span class='ocrx_word' id='word_1_123' title='bbox 407 1853 634 1911; x_wconf 75' lang='lat' dir='ltr'>conscensurus,</span> <span class='ocrx_word' id='word_1_124' title='bbox 649 1833 861 1915; x_wconf 81' lang='lat' dir='ltr'>proficiscitur.¹</span> <span class='ocrx_word' id='word_1_125' title='bbox 897 1831 989 1896; x_wconf 87' lang='lat' dir='ltr'>Unde</span> <span class='ocrx_word' id='word_1_126' title='bbox 1005 1835 1166 1917; x_wconf 79' lang='lat' dir='ltr'>aliquoties</span> <span class='ocrx_word' id='word_1_127' title='bbox 1178 1839 1209 1900; x_wconf 87' lang='lat' dir='ltr'>in</span> 
     </span>
     <span class='ocr_line' id='line_1_18' title="bbox 165 1919 1210 2002; baseline 0.004 -21"><span class='ocrx_word' id='word_1_128' title='bbox 165 1919 262 1982; x_wconf 85' lang='lat' dir='ltr'>altum</span> <span class='ocrx_word' id='word_1_129' title='bbox 277 1932 454 2002; x_wconf 81' lang='lat' dir='ltr'>provectum</span> <span class='ocrx_word' id='word_1_130' title='bbox 468 1939 559 2002; x_wconf 88' lang='lat' dir='ltr'>quum</span> <span class='ocrx_word' id='word_1_131' title='bbox 575 1919 668 1981; x_wconf 90' lang='lat' dir='ltr'>modo</span> <span class='ocrx_word' id='word_1_132' title='bbox 689 1920 771 1984; x_wconf 86' lang='lat' dir='ltr'>venti</span> <span class='ocrx_word' id='word_1_133' title='bbox 787 1919 903 1982; x_wconf 88' lang='lat' dir='ltr'>adversi</span> <span class='ocrx_word' id='word_1_134' title='bbox 919 1921 1100 2000; x_wconf 83' lang='lat' dir='ltr'>retulissent,</span> <span class='ocrx_word' id='word_1_135' title='bbox 1116 1923 1210 1985; x_wconf 91' lang='lat' dir='ltr'>modo</span> 
     </span>
     <span class='ocr_line' id='line_1_19' title="bbox 165 2005 1210 2090; baseline 0.005 -24"><span class='ocrx_word' id='word_1_136' title='bbox 165 2007 231 2089; x_wconf 84' lang='lat' dir='ltr'>ipse</span> <span class='ocrx_word' id='word_1_137' title='bbox 241 2005 447 2087; x_wconf 86' lang='lat' dir='ltr'>jactationem</span> <span class='ocrx_word' id='word_1_138' title='bbox 461 2007 556 2084; x_wconf 87' lang='lat' dir='ltr'>navis,</span> <span class='ocrx_word' id='word_1_139' title='bbox 572 2027 654 2068; x_wconf 81' lang='lat' dir='ltr'>creco</span> <span class='ocrx_word' id='word_1_140' title='bbox 674 2005 812 2068; x_wconf 81' lang='lat' dir='ltr'>volvente</span> <span class='ocrx_word' id='word_1_141' title='bbox 827 2005 930 2084; x_wconf 86' lang='lat' dir='ltr'>fluctu,</span> <span class='ocrx_word' id='word_1_142' title='bbox 942 2007 1004 2088; x_wconf 89' lang='lat' dir='ltr'>pati</span> <span class='ocrx_word' id='word_1_143' title='bbox 1021 2027 1082 2069; x_wconf 88' lang='lat' dir='ltr'>uon</span> <span class='ocrx_word' id='word_1_144' title='bbox 1094 2022 1210 2090; x_wconf 88' lang='lat' dir='ltr'>posset,</span> 
     </span>
     <span class='ocr_line' id='line_1_20' title="bbox 165 2091 1210 2174; baseline 0.002 -20"><span class='ocrx_word' id='word_1_145' title='bbox 165 2093 288 2154; x_wconf 71' lang='lat' dir='ltr'>rodium</span> <span class='ocrx_word' id='word_1_146' title='bbox 303 2092 428 2155; x_wconf 88' lang='lat' dir='ltr'>tandem</span> <span class='ocrx_word' id='word_1_147' title='bbox 452 2113 522 2154; x_wconf 89' lang='lat' dir='ltr'>eum</span> <span class='ocrx_word' id='word_1_148' title='bbox 534 2103 567 2154; x_wconf 91' lang='lat' dir='ltr'>et</span> <span class='ocrx_word' id='word_1_149' title='bbox 584 2091 664 2174; x_wconf 84' lang='lat' dir='ltr'>lugre</span> <span class='ocrx_word' id='word_1_150' title='bbox 677 2092 791 2154; x_wconf 69' lang='lat' dir='ltr'>etrite</span> <span class='ocrx_word' id='word_1_151' title='bbox 812 2092 894 2174; x_wconf 86' lang='lat' dir='ltr'>cepit</span> <span class='ocrx_word' id='word_1_152' title='bbox 904 2115 913 2169; x_wconf 84' lang='lat'>3</span> <span class='ocrx_word' id='word_1_153' title='bbox 939 2112 1149 2174; x_wconf 74' lang='lat' dir='ltr'>regressusque</span> <span class='ocrx_word' id='word_1_154' title='bbox 1169 2093 1210 2156; x_wconf 85' lang='lat' dir='ltr'>ad</span> 
     </span>
     <span class='ocr_line' id='line_1_21' title="bbox 168 2177 1210 2262; baseline 0.004 -24"><span class='ocrx_word' id='word_1_155' title='bbox 168 2178 353 2262; x_wconf 83' lang='lat' dir='ltr'>superiorem</span> <span class='ocrx_word' id='word_1_156' title='bbox 369 2179 481 2256; x_wconf 85' lang='lat' dir='ltr'>villam,</span> <span class='ocrx_word' id='word_1_157' title='bbox 496 2199 562 2259; x_wconf 82' lang='lat' dir='ltr'>quae</span> <span class='ocrx_word' id='word_1_158' title='bbox 576 2177 679 2260; x_wconf 91' lang='lat' dir='ltr'>paullo</span> <span class='ocrx_word' id='word_1_159' title='bbox 694 2177 762 2260; x_wconf 91' lang='lat' dir='ltr'>plus</span> <span class='ocrx_word' id='word_1_160' title='bbox 777 2177 860 2240; x_wconf 91' lang='lat' dir='ltr'>mille</span> <span class='ocrx_word' id='word_1_161' title='bbox 876 2179 1014 2258; x_wconf 89' lang='lat' dir='ltr'>passibus</span> <span class='ocrx_word' id='word_1_162' title='bbox 1029 2199 1049 2240; x_wconf 85' lang='lat' dir='ltr'>a</span> <span class='ocrx_word' id='word_1_163' title='bbox 1064 2179 1139 2240; x_wconf 87' lang='lat' dir='ltr'>mari</span> <span class='ocrx_word' id='word_1_164' title='bbox 1156 2181 1210 2242; x_wconf 87' lang='lat' dir='ltr'>ab·</span> 
     </span>
     <span class='ocr_line' id='line_1_22' title="bbox 167 2261 1210 2346; baseline 0.001 -20"><span class='ocrx_word' id='word_1_165' title='bbox 167 2279 224 2343; x_wconf 85' lang='lat' dir='ltr'>est,</span> <span class='ocrx_word' id='word_1_166' title='bbox 247 2267 258 2299; x_wconf 91' lang='lat'>‘</span> <span class='ocrx_word' id='word_1_167' title='bbox 273 2263 411 2342; x_wconf 79' lang='lat' dir='ltr'>llloriar,&#39;</span> <span class='ocrx_word' id='word_1_168' title='bbox 437 2265 548 2346; x_wconf 87' lang='lat' dir='ltr'>inquit,</span> <span class='ocrx_word' id='word_1_169' title='bbox 573 2265 583 2296; x_wconf 87' lang='lat'>‘</span> <span class='ocrx_word' id='word_1_170' title='bbox 598 2265 630 2325; x_wconf 92' lang='lat' dir='ltr'>in</span> <span class='ocrx_word' id='word_1_171' title='bbox 645 2265 746 2346; x_wconf 85' lang='lat' dir='ltr'>patris</span> <span class='ocrx_word' id='word_1_172' title='bbox 759 2284 839 2346; x_wconf 81' lang='lat' dir='ltr'>saepe</span> <span class='ocrx_word' id='word_1_173' title='bbox 853 2261 993 2328; x_wconf 60' lang='lat' dir='ltr'>servata!</span> <span class='ocrx_word' id='word_1_174' title='bbox 1039 2263 1120 2326; x_wconf 82' lang='lat' dir='ltr'>Satis</span> <span class='ocrx_word' id='word_1_175' title='bbox 1135 2285 1210 2328; x_wconf 92' lang='lat' dir='ltr'>con·</span> 
     </span>
     <span class='ocr_line' id='line_1_23' title="bbox 165 2349 1210 2431; baseline 0.002 -19"><span class='ocrx_word' id='word_1_176' title='bbox 165 2365 239 2430; x_wconf 81' lang='lat' dir='ltr'>stat,</span> <span class='ocrx_word' id='word_1_177' title='bbox 253 2373 357 2414; x_wconf 86' lang='lat' dir='ltr'>servos</span> <span class='ocrx_word' id='word_1_178' title='bbox 368 2351 487 2413; x_wconf 81' lang='lat' dir='ltr'>fortiter</span> <span class='ocrx_word' id='word_1_179' title='bbox 496 2349 685 2430; x_wconf 84' lang='lat' dir='ltr'>fideliterque</span> <span class='ocrx_word' id='word_1_180' title='bbox 695 2361 818 2431; x_wconf 86' lang='lat' dir='ltr'>paratos</span> <span class='ocrx_word' id='word_1_181' title='bbox 830 2349 922 2410; x_wconf 83' lang='lat' dir='ltr'>luisse</span> <span class='ocrx_word' id='word_1_182' title='bbox 935 2350 974 2410; x_wconf 91' lang='lat' dir='ltr'>ad</span> <span class='ocrx_word' id='word_1_183' title='bbox 986 2349 1210 2430; x_wconf 67' lang='lat' dir='ltr'>dimicandum</span> 
     </span>
     <span class='ocr_line' id='line_1_24' title="bbox 164 2434 1209 2522; baseline 0 -23"><span class='ocrx_word' id='word_1_184' title='bbox 164 2439 264 2522; x_wconf 89' lang='lat' dir='ltr'>ipsum</span> <span class='ocrx_word' id='word_1_185' title='bbox 280 2438 392 2520; x_wconf 88' lang='lat' dir='ltr'>deponi</span> <span class='ocrx_word' id='word_1_186' title='bbox 415 2437 556 2498; x_wconf 81' lang='lat' dir='ltr'>lecticam</span> <span class='ocrx_word' id='word_1_187' title='bbox 571 2447 604 2498; x_wconf 91' lang='lat' dir='ltr'>et</span> <span class='ocrx_word' id='word_1_188' title='bbox 619 2437 738 2516; x_wconf 86' lang='lat' dir='ltr'>quietos</span> <span class='ocrx_word' id='word_1_189' title='bbox 762 2437 838 2517; x_wconf 89' lang='lat' dir='ltr'>pati,</span> <span class='ocrx_word' id='word_1_190' title='bbox 854 2434 937 2516; x_wconf 90' lang='lat' dir='ltr'>quod</span> <span class='ocrx_word' id='word_1_191' title='bbox 953 2435 1014 2498; x_wconf 87' lang='lat' dir='ltr'>fors</span> <span class='ocrx_word' id='word_1_192' title='bbox 1037 2437 1141 2517; x_wconf 85' lang='lat' dir='ltr'>iniqua</span> <span class='ocrx_word' id='word_1_193' title='bbox 1155 2459 1209 2500; x_wconf 89' lang='lat' dir='ltr'>co·</span> 
     </span>
     <span class='ocr_line' id='line_1_25' title="bbox 163 2521 1208 2606; baseline 0 -19"><span class='ocrx_word' id='word_1_194' title='bbox 163 2537 262 2606; x_wconf 88' lang='lat' dir='ltr'>geret,</span> <span class='ocrx_word' id='word_1_195' title='bbox 272 2524 409 2606; x_wconf 85' lang='lat' dir='ltr'>jussisse.</span> <span class='ocrx_word' id='word_1_196' title='bbox 442 2521 630 2584; x_wconf 87' lang='lat' dir='ltr'>Prominenti</span> <span class='ocrx_word' id='word_1_197' title='bbox 646 2543 685 2583; x_wconf 87' lang='lat' dir='ltr'>ex</span> <span class='ocrx_word' id='word_1_198' title='bbox 697 2522 818 2600; x_wconf 88' lang='lat' dir='ltr'>lectica,</span> <span class='ocrx_word' id='word_1_199' title='bbox 833 2523 1044 2604; x_wconf 69' lang='lat' dir='ltr'>praebentique</span> <span class='ocrx_word' id='word_1_200' title='bbox 1060 2523 1208 2587; x_wconf 87' lang='lat' dir='ltr'>inmotam</span> 
     </span>
     <span class='ocr_line' id='line_1_26' title="bbox 165 2607 1209 2695; baseline 0.001 -22"><span class='ocrx_word' id='word_1_201' title='bbox 165 2614 315 2675; x_wconf 84' lang='lat' dir='ltr'>cervicem</span> <span class='ocrx_word' id='word_1_202' title='bbox 338 2622 430 2695; x_wconf 79' lang='lat' dir='ltr'>caput</span> <span class='ocrx_word' id='word_1_203' title='bbox 445 2609 600 2691; x_wconf 75' lang='lat' dir='ltr'>precisum</span> <span class='ocrx_word' id='word_1_204' title='bbox 623 2622 680 2671; x_wconf 89' lang='lat' dir='ltr'>est.</span> <span class='ocrx_word' id='word_1_205' title='bbox 726 2607 792 2671; x_wconf 88' lang='lat' dir='ltr'>Nec</span> <span class='ocrx_word' id='word_1_206' title='bbox 809 2608 882 2673; x_wconf 88' lang='lat' dir='ltr'>satis</span> <span class='ocrx_word' id='word_1_207' title='bbox 903 2607 1020 2671; x_wconf 73' lang='lat' dir='ltr'>stolido</span> <span class='ocrx_word' id='word_1_208' title='bbox 1035 2609 1209 2675; x_wconf 79' lang='lat' dir='ltr'>crudelitati</span> 
     </span>
     <span class='ocr_line' id='line_1_27' title="bbox 166 2694 1209 2779; baseline 0 -19"><span class='ocrx_word' id='word_1_209' title='bbox 166 2699 298 2761; x_wconf 88' lang='lat' dir='ltr'>militum</span> <span class='ocrx_word' id='word_1_210' title='bbox 314 2698 381 2759; x_wconf 76' lang='lat' dir='ltr'>suit</span> <span class='ocrx_word' id='word_1_211' title='bbox 425 2694 537 2759; x_wconf 88' lang='lat' dir='ltr'>Manus</span> <span class='ocrx_word' id='word_1_212' title='bbox 553 2714 684 2778; x_wconf 89' lang='lat' dir='ltr'>quoque,</span> <span class='ocrx_word' id='word_1_213' title='bbox 699 2696 853 2777; x_wconf 79' lang='lat' dir='ltr'>scripsisse</span> <span class='ocrx_word' id='word_1_214' title='bbox 869 2694 899 2755; x_wconf 92' lang='lat' dir='ltr'>irr</span> <span class='ocrx_word' id='word_1_215' title='bbox 916 2695 1085 2757; x_wconf 87' lang='lat' dir='ltr'>Antonium</span> <span class='ocrx_word' id='word_1_216' title='bbox 1095 2696 1209 2779; x_wconf 88' lang='lat' dir='ltr'>aliquid</span> 
     </span>
     <span class='ocr_line' id='line_1_28' title="bbox 165 2780 1209 2869; baseline -0.001 -22"><span class='ocrx_word' id='word_1_217' title='bbox 165 2787 396 2869; x_wconf 84' lang='lat' dir='ltr'>exprobrantes,</span> <span class='ocrx_word' id='word_1_218' title='bbox 409 2784 619 2867; x_wconf 71' lang='lat' dir='ltr'>prociderunt.</span> <span class='ocrx_word' id='word_1_219' title='bbox 664 2780 712 2843; x_wconf 93' lang='lat' dir='ltr'>lta</span> <span class='ocrx_word' id='word_1_220' title='bbox 725 2782 853 2843; x_wconf 88' lang='lat' dir='ltr'>relatum</span> <span class='ocrx_word' id='word_1_221' title='bbox 866 2794 958 2863; x_wconf 87' lang='lat' dir='ltr'>caput</span> <span class='ocrx_word' id='word_1_222' title='bbox 972 2782 1012 2847; x_wconf 89' lang='lat' dir='ltr'>ad</span> <span class='ocrx_word' id='word_1_223' title='bbox 1027 2782 1209 2863; x_wconf 83' lang='lat' dir='ltr'>Antonium,</span> 
     </span>
     <span class='ocr_line' id='line_1_29' title="bbox 158 2868 1209 2954; baseline 0 -21"><span class='ocrx_word' id='word_1_224' title='bbox 158 2872 305 2954; x_wconf 86' lang='lat' dir='ltr'>jussuque</span> <span class='ocrx_word' id='word_1_225' title='bbox 328 2870 391 2951; x_wconf 85' lang='lat' dir='ltr'>ejus</span> <span class='ocrx_word' id='word_1_226' title='bbox 417 2870 495 2932; x_wconf 90' lang='lat' dir='ltr'>inter</span> <span class='ocrx_word' id='word_1_227' title='bbox 509 2870 585 2931; x_wconf 89' lang='lat' dir='ltr'>duas</span> <span class='ocrx_word' id='word_1_228' title='bbox 608 2889 715 2930; x_wconf 88' lang='lat' dir='ltr'>manus</span> <span class='ocrx_word' id='word_1_229' title='bbox 730 2868 761 2929; x_wconf 90' lang='lat' dir='ltr'>in</span> <span class='ocrx_word' id='word_1_230' title='bbox 778 2868 881 2929; x_wconf 86' lang='lat' dir='ltr'>rostris</span> <span class='ocrx_word' id='word_1_231' title='bbox 905 2868 1058 2950; x_wconf 82' lang='lat' dir='ltr'>positum3</span> <span class='ocrx_word' id='word_1_232' title='bbox 1082 2869 1134 2932; x_wconf 91' lang='lat' dir='ltr'>ubi</span> <span class='ocrx_word' id='word_1_233' title='bbox 1157 2870 1209 2933; x_wconf 91' lang='lat' dir='ltr'>ille</span> 
     </span>
     <span class='ocr_line' id='line_1_30' title="bbox 164 2954 1209 3038; baseline -0.001 -18"><span class='ocrx_word' id='word_1_234' title='bbox 164 2959 283 3036; x_wconf 90' lang='lat' dir='ltr'>consul,</span> <span class='ocrx_word' id='word_1_235' title='bbox 298 2959 351 3019; x_wconf 91' lang='lat' dir='ltr'>ubi</span> <span class='ocrx_word' id='word_1_236' title='bbox 366 2977 444 3038; x_wconf 75' lang='lat' dir='ltr'>sape</span> <span class='ocrx_word' id='word_1_237' title='bbox 460 2955 636 3033; x_wconf 88' lang='lat' dir='ltr'>consularis,</span> <span class='ocrx_word' id='word_1_238' title='bbox 649 2954 701 3017; x_wconf 91' lang='lat' dir='ltr'>ubi</span> <span class='ocrx_word' id='word_1_239' title='bbox 717 2976 755 3017; x_wconf 89' lang='lat' dir='ltr'>eo</span> <span class='ocrx_word' id='word_1_240' title='bbox 769 2954 837 3036; x_wconf 85' lang='lat' dir='ltr'>ipso</span> <span class='ocrx_word' id='word_1_241' title='bbox 852 2973 933 3015; x_wconf 85' lang='lat' dir='ltr'>anuo</span> <span class='ocrx_word' id='word_1_242' title='bbox 952 2954 1093 3017; x_wconf 85' lang='lat' dir='ltr'>adversus</span> <span class='ocrx_word' id='word_1_243' title='bbox 1108 2954 1209 3019; x_wconf 84' lang='lat' dir='ltr'>Antu-</span> 
     </span>
     <span class='ocr_line' id='line_1_31' title="bbox 164 3041 1209 3125; baseline -0.003 -19"><span class='ocrx_word' id='word_1_244' title='bbox 164 3045 261 3123; x_wconf 89' lang='lat' dir='ltr'>ninm‚</span> <span class='ocrx_word' id='word_1_245' title='bbox 276 3056 392 3125; x_wconf 82' lang='lat' dir='ltr'>quanta</span> <span class='ocrx_word' id='word_1_246' title='bbox 413 3043 497 3104; x_wconf 87' lang='lat' dir='ltr'>nulla</span> <span class='ocrx_word' id='word_1_247' title='bbox 510 3060 654 3123; x_wconf 89' lang='lat' dir='ltr'>umquam</span> <span class='ocrx_word' id='word_1_248' title='bbox 676 3042 811 3102; x_wconf 88' lang='lat' dir='ltr'>humana</span> <span class='ocrx_word' id='word_1_249' title='bbox 824 3060 894 3117; x_wconf 85' lang='lat' dir='ltr'>vox,</span> <span class='ocrx_word' id='word_1_250' title='bbox 917 3060 986 3101; x_wconf 88' lang='lat' dir='ltr'>cum</span> <span class='ocrx_word' id='word_1_251' title='bbox 1006 3041 1209 3105; x_wconf 85' lang='lat' dir='ltr'>admiratione</span> 
     </span>
     <span class='ocr_line' id='line_1_32' title="bbox 166 3123 1209 3213; baseline -0.005 -20"><span class='ocrx_word' id='word_1_252' title='bbox 166 3131 347 3213; x_wconf 74' lang='lat' dir='ltr'>eloquentia</span> <span class='ocrx_word' id='word_1_253' title='bbox 372 3128 493 3191; x_wconf 87' lang='lat' dir='ltr'>auditus</span> <span class='ocrx_word' id='word_1_254' title='bbox 518 3128 626 3189; x_wconf 78' lang='lat' dir='ltr'>inerat.</span> <span class='ocrx_word' id='word_1_255' title='bbox 669 3126 731 3187; x_wconf 87' lang='lat' dir='ltr'>Vix</span> <span class='ocrx_word' id='word_1_256' title='bbox 757 3126 940 3187; x_wconf 81' lang='lat' dir='ltr'>adtollentes</span> <span class='ocrx_word' id='word_1_257' title='bbox 965 3123 1051 3207; x_wconf 69' lang='lat' dir='ltr'>(pree)</span> <span class='ocrx_word' id='word_1_258' title='bbox 1077 3127 1209 3189; x_wconf 87' lang='lat' dir='ltr'>lacrimis</span> 
     </span>
     <span class='ocr_line' id='line_1_33' title="bbox 165 3210 1116 3292; baseline -0.007 -12"><span class='ocrx_word' id='word_1_259' title='bbox 165 3217 272 3279; x_wconf 89' lang='lat' dir='ltr'>oculos</span> <span class='ocrx_word' id='word_1_260' title='bbox 287 3216 426 3279; x_wconf 88' lang='lat' dir='ltr'>homines</span> <span class='ocrx_word' id='word_1_261' title='bbox 440 3215 550 3275; x_wconf 87' lang='lat' dir='ltr'>intueri</span> <span class='ocrx_word' id='word_1_262' title='bbox 564 3213 719 3276; x_wconf 84' lang='lat' dir='ltr'>tnrcidata</span> <span class='ocrx_word' id='word_1_263' title='bbox 732 3212 871 3273; x_wconf 85' lang='lat' dir='ltr'>membra</span> <span class='ocrx_word' id='word_1_264' title='bbox 885 3210 948 3291; x_wconf 88' lang='lat' dir='ltr'>ejus</span> <span class='ocrx_word' id='word_1_265' title='bbox 964 3222 1116 3292; x_wconf 87' lang='lat' dir='ltr'>poteraut.</span> 
     </span>
    </p>

    <p class='ocr_par' dir='ltr' id='par_1_8' title="bbox 164 3295 1212 4242">
     <span class='ocr_line' id='line_1_34' title="bbox 209 3295 1209 3382; baseline -0.003 -20"><span class='ocrx_word' id='word_1_266' title='bbox 209 3302 298 3365; x_wconf 82' lang='lat' dir='ltr'>Vixit</span> <span class='ocrx_word' id='word_1_267' title='bbox 312 3316 373 3364; x_wconf 86' lang='lat' dir='ltr'>trcs</span> <span class='ocrx_word' id='word_1_268' title='bbox 388 3314 421 3363; x_wconf 89' lang='lat' dir='ltr'>et</span> <span class='ocrx_word' id='word_1_269' title='bbox 434 3302 594 3382; x_wconf 85' lang='lat' dir='ltr'>sexaginta</span> <span class='ocrx_word' id='word_1_270' title='bbox 605 3320 714 3373; x_wconf 86' lang='lat' dir='ltr'>annos,</span> <span class='ocrx_word' id='word_1_271' title='bbox 729 3310 775 3373; x_wconf 90' lang='lat' dir='ltr'>ut,</span> <span class='ocrx_word' id='word_1_272' title='bbox 790 3298 816 3357; x_wconf 90' lang='lat' dir='ltr'>si</span> <span class='ocrx_word' id='word_1_273' title='bbox 830 3297 873 3357; x_wconf 88' lang='lat' dir='ltr'>vis</span> <span class='ocrx_word' id='word_1_274' title='bbox 886 3295 1041 3373; x_wconf 84' lang='lat' dir='ltr'>abluisset,</span> <span class='ocrx_word' id='word_1_275' title='bbox 1056 3316 1096 3357; x_wconf 91' lang='lat' dir='ltr'>ne</span> <span class='ocrx_word' id='word_1_276' title='bbox 1110 3298 1209 3359; x_wconf 90' lang='lat' dir='ltr'>inma-</span> 
     </span>
     <span class='ocr_line' id='line_1_35' title="bbox 164 3382 1211 3470; baseline -0.004 -19"><span class='ocrx_word' id='word_1_277' title='bbox 164 3404 236 3453; x_wconf 87' lang='lat' dir='ltr'>tura</span> <span class='ocrx_word' id='word_1_278' title='bbox 261 3389 386 3470; x_wconf 88' lang='lat' dir='ltr'>quidem</span> <span class='ocrx_word' id='word_1_279' title='bbox 412 3408 495 3449; x_wconf 91' lang='lat' dir='ltr'>mors</span> <span class='ocrx_word' id='word_1_280' title='bbox 520 3387 615 3447; x_wconf 87' lang='lat' dir='ltr'>videri</span> <span class='ocrx_word' id='word_1_281' title='bbox 639 3385 755 3466; x_wconf 83' lang='lat' dir='ltr'>possit:</span> <span class='ocrx_word' id='word_1_282' title='bbox 788 3382 942 3461; x_wconf 86' lang='lat' dir='ltr'>ingenium</span> <span class='ocrx_word' id='word_1_283' title='bbox 962 3394 994 3445; x_wconf 88' lang='lat' dir='ltr'>et</span> <span class='ocrx_word' id='word_1_284' title='bbox 1016 3382 1157 3464; x_wconf 82' lang='lat' dir='ltr'>operibus</span> <span class='ocrx_word' id='word_1_285' title='bbox 1179 3394 1211 3447; x_wconf 82' lang='lat' dir='ltr'>et</span> 
     </span>
     <span class='ocr_line' id='line_1_36' title="bbox 167 3468 1212 3561; baseline -0.008 -22"><span class='ocrx_word' id='word_1_286' title='bbox 167 3477 301 3561; x_wconf 71' lang='lat' dir='ltr'>praemiis</span> <span class='ocrx_word' id='word_1_287' title='bbox 326 3496 452 3558; x_wconf 88' lang='lat' dir='ltr'>operum</span> <span class='ocrx_word' id='word_1_288' title='bbox 480 3473 574 3534; x_wconf 82' lang='lat' dir='ltr'>felix:</span> <span class='ocrx_word' id='word_1_289' title='bbox 610 3472 674 3554; x_wconf 76' lang='lat' dir='ltr'>ipsc</span> <span class='ocrx_word' id='word_1_290' title='bbox 705 3469 830 3531; x_wconf 87' lang='lat' dir='ltr'>lorturrae</span> <span class='ocrx_word' id='word_1_291' title='bbox 857 3468 907 3529; x_wconf 92' lang='lat' dir='ltr'>diu</span> <span class='ocrx_word' id='word_1_292' title='bbox 932 3488 1093 3550; x_wconf 78' lang='lat' dir='ltr'>prosperae,</span> <span class='ocrx_word' id='word_1_293' title='bbox 1124 3478 1157 3531; x_wconf 87' lang='lat' dir='ltr'>et</span> <span class='ocrx_word' id='word_1_294' title='bbox 1179 3468 1212 3531; x_wconf 90' lang='lat' dir='ltr'>in</span> 
     </span>
     <span class='ocr_line' id='line_1_37' title="bbox 166 3554 1210 3645; baseline -0.009 -20"><span class='ocrx_word' id='word_1_295' title='bbox 166 3565 261 3645; x_wconf 87' lang='lat' dir='ltr'>longo</span> <span class='ocrx_word' id='word_1_296' title='bbox 276 3576 382 3623; x_wconf 88' lang='lat' dir='ltr'>tenore</span> <span class='ocrx_word' id='word_1_297' title='bbox 403 3559 557 3622; x_wconf 84' lang='lat' dir='ltr'>felicitatis</span> <span class='ocrx_word' id='word_1_298' title='bbox 575 3558 695 3638; x_wconf 84' lang='lat' dir='ltr'>maguis</span> <span class='ocrx_word' id='word_1_299' title='bbox 718 3554 838 3616; x_wconf 86' lang='lat' dir='ltr'>iuterim</span> <span class='ocrx_word' id='word_1_300' title='bbox 855 3554 931 3614; x_wconf 88' lang='lat' dir='ltr'>ictus</span> <span class='ocrx_word' id='word_1_301' title='bbox 955 3554 1134 3633; x_wconf 87' lang='lat' dir='ltr'>vulneribus,</span> <span class='ocrx_word' id='word_1_302' title='bbox 1155 3575 1210 3617; x_wconf 88' lang='lat' dir='ltr'>ex·</span> 
     </span>
     <span class='ocr_line' id='line_1_38' title="bbox 165 3638 1212 3728; baseline -0.006 -19"><span class='ocrx_word' id='word_1_303' title='bbox 165 3651 245 3727; x_wconf 89' lang='lat' dir='ltr'>silio,</span> <span class='ocrx_word' id='word_1_304' title='bbox 269 3649 358 3709; x_wconf 89' lang='lat' dir='ltr'>ruina</span> <span class='ocrx_word' id='word_1_305' title='bbox 372 3640 515 3728; x_wconf 85' lang='lat' dir='ltr'>partium,</span> <span class='ocrx_word' id='word_1_306' title='bbox 542 3665 597 3727; x_wconf 89' lang='lat' dir='ltr'>pro</span> <span class='ocrx_word' id='word_1_307' title='bbox 622 3643 730 3723; x_wconf 85' lang='lat' dir='ltr'>quibus</span> <span class='ocrx_word' id='word_1_308' title='bbox 754 3650 891 3716; x_wconf 83' lang='lat' dir='ltr'>steterat,</span> <span class='ocrx_word' id='word_1_309' title='bbox 907 3638 974 3701; x_wconf 72' lang='lat' dir='ltr'>filio</span> <span class='ocrx_word' id='word_1_310' title='bbox 998 3651 1106 3718; x_wconf 89' lang='lat' dir='ltr'>morte,</span> <span class='ocrx_word' id='word_1_311' title='bbox 1127 3642 1212 3705; x_wconf 89' lang='lat' dir='ltr'>exitu</span> 
     </span>
     <span class='ocr_line' id='line_1_39' title="bbox 168 3726 1212 3813; baseline -0.01 -15"><span class='ocrx_word' id='word_1_312' title='bbox 168 3750 234 3797; x_wconf 88' lang='lat' dir='ltr'>tam</span> <span class='ocrx_word' id='word_1_313' title='bbox 249 3736 331 3797; x_wconf 87' lang='lat' dir='ltr'>tristi</span> <span class='ocrx_word' id='word_1_314' title='bbox 356 3745 447 3813; x_wconf 86' lang='lat' dir='ltr'>atque</span> <span class='ocrx_word' id='word_1_315' title='bbox 473 3732 592 3807; x_wconf 83' lang='lat' dir='ltr'>acerbo,</span> <span class='ocrx_word' id='word_1_316' title='bbox 618 3729 755 3796; x_wconf 86' lang='lat' dir='ltr'>omnium</span> <span class='ocrx_word' id='word_1_317' title='bbox 777 3726 970 3787; x_wconf 86' lang='lat' dir='ltr'>adversorum</span> <span class='ocrx_word' id='word_1_318' title='bbox 986 3727 1074 3803; x_wconf 88' lang='lat' dir='ltr'>nihil,</span> <span class='ocrx_word' id='word_1_319' title='bbox 1089 3738 1124 3788; x_wconf 94' lang='lat' dir='ltr'>ut</span> <span class='ocrx_word' id='word_1_320' title='bbox 1149 3726 1212 3788; x_wconf 85' lang='lat' dir='ltr'>viro</span> 
     </span>
     <span class='ocr_line' id='line_1_40' title="bbox 168 3812 1212 3903; baseline -0.01 -20"><span class='ocrx_word' id='word_1_321' title='bbox 168 3823 294 3903; x_wconf 88' lang='lat' dir='ltr'>dignum</span> <span class='ocrx_word' id='word_1_322' title='bbox 311 3831 390 3895; x_wconf 89' lang='lat' dir='ltr'>erat,</span> <span class='ocrx_word' id='word_1_323' title='bbox 400 3819 472 3879; x_wconf 90' lang='lat' dir='ltr'>tulit</span> <span class='ocrx_word' id='word_1_324' title='bbox 485 3827 592 3899; x_wconf 72' lang='lat' dir='ltr'>prater</span> <span class='ocrx_word' id='word_1_325' title='bbox 603 3829 732 3875; x_wconf 89' lang='lat' dir='ltr'>mortem</span> <span class='ocrx_word' id='word_1_326' title='bbox 743 3835 752 3889; x_wconf 81' lang='lat'><em>3</em></span> <span class='ocrx_word' id='word_1_327' title='bbox 776 3834 842 3895; x_wconf 79' lang='lat' dir='ltr'>quar</span> <span class='ocrx_word' id='word_1_328' title='bbox 857 3832 925 3873; x_wconf 84' lang='lat' dir='ltr'>vere</span> <span class='ocrx_word' id='word_1_329' title='bbox 937 3813 1099 3874; x_wconf 74' lang='lat' dir='ltr'>aestimanti</span> <span class='ocrx_word' id='word_1_330' title='bbox 1112 3812 1212 3875; x_wconf 85' lang='lat' dir='ltr'>minus</span> 
     </span>
     <span class='ocr_line' id='line_1_41' title="bbox 167 3897 1211 3989; baseline -0.01 -20"><span class='ocrx_word' id='word_1_331' title='bbox 167 3909 296 3989; x_wconf 86' lang='lat' dir='ltr'>indigna</span> <span class='ocrx_word' id='word_1_332' title='bbox 324 3906 420 3967; x_wconf 86' lang='lat' dir='ltr'>videri</span> <span class='ocrx_word' id='word_1_333' title='bbox 448 3903 559 3986; x_wconf 90' lang='lat' dir='ltr'>potuit,</span> <span class='ocrx_word' id='word_1_334' title='bbox 579 3901 699 3983; x_wconf 87' lang='lat' dir='ltr'>quoda</span> <span class='ocrx_word' id='word_1_335' title='bbox 718 3900 831 3961; x_wconf 86' lang='lat' dir='ltr'>victore</span> <span class='ocrx_word' id='word_1_336' title='bbox 855 3898 978 3959; x_wconf 89' lang='lat' dir='ltr'>inimico</span> <span class='ocrx_word' id='word_1_337' title='bbox 998 3897 1040 3959; x_wconf 90' lang='lat' dir='ltr'>rril</span> <span class='ocrx_word' id='word_1_338' title='bbox 1063 3897 1211 3959; x_wconf 88' lang='lat' dir='ltr'>crudelius</span> 
     </span>
     <span class='ocr_line' id='line_1_42' title="bbox 164 3984 1211 4076; baseline -0.009 -21"><span class='ocrx_word' id='word_1_339' title='bbox 164 4016 270 4076; x_wconf 81' lang='lat' dir='ltr'>passus</span> <span class='ocrx_word' id='word_1_340' title='bbox 285 4009 363 4067; x_wconf 86' lang='lat' dir='ltr'>erat,</span> <span class='ocrx_word' id='word_1_341' title='bbox 378 4012 470 4071; x_wconf 87' lang='lat' dir='ltr'>quarn</span> <span class='ocrx_word' id='word_1_342' title='bbox 485 3988 568 4071; x_wconf 90' lang='lat' dir='ltr'>quod</span> <span class='ocrx_word' id='word_1_343' title='bbox 580 3986 716 4069; x_wconf 87' lang='lat' dir='ltr'>ejusdem</span> <span class='ocrx_word' id='word_1_344' title='bbox 728 3986 856 4047; x_wconf 73' lang='lat' dir='ltr'>fortunae</span> <span class='ocrx_word' id='word_1_345' title='bbox 865 4005 992 4066; x_wconf 87' lang='lat' dir='ltr'>compos</span> <span class='ocrx_word' id='word_1_346' title='bbox 1005 3984 1068 4066; x_wconf 86' lang='lat' dir='ltr'>ipse</span> <span class='ocrx_word' id='word_1_347' title='bbox 1081 3984 1211 4047; x_wconf 84' lang='lat' dir='ltr'>lecisset.</span> 
     </span>
     <span class='ocr_line' id='line_1_43' title="bbox 167 4071 1211 4163; baseline -0.011 -21"><span class='ocrx_word' id='word_1_348' title='bbox 167 4081 285 4163; x_wconf 83' lang='lat' dir='ltr'>Siquis</span> <span class='ocrx_word' id='word_1_349' title='bbox 310 4092 427 4151; x_wconf 78' lang='lat' dir='ltr'>tornea,</span> <span class='ocrx_word' id='word_1_350' title='bbox 448 4076 607 4137; x_wconf 86' lang='lat' dir='ltr'>virtutibus</span> <span class='ocrx_word' id='word_1_351' title='bbox 629 4073 701 4133; x_wconf 84' lang='lat' dir='ltr'>vitia</span> <span class='ocrx_word' id='word_1_352' title='bbox 718 4072 875 4153; x_wconf 87' lang='lat' dir='ltr'>pensarit:</span> <span class='ocrx_word' id='word_1_353' title='bbox 907 4071 951 4130; x_wconf 89' lang='lat' dir='ltr'>vir</span> <span class='ocrx_word' id='word_1_354' title='bbox 972 4090 1109 4151; x_wconf 77' lang='lat' dir='ltr'>irruguus,</span> <span class='ocrx_word' id='word_1_355' title='bbox 1131 4092 1211 4149; x_wconf 88' lang='lat' dir='ltr'>acer,</span> 
     </span>
     <span class='ocr_line' id='line_1_44' title="bbox 166 4154 1210 4242; baseline -0.009 -14"><span class='ocrx_word' id='word_1_356' title='bbox 166 4165 374 4228; x_wconf 87' lang='lat' dir='ltr'>memorabilis</span> <span class='ocrx_word' id='word_1_357' title='bbox 400 4162 468 4239; x_wconf 83' lang='lat' dir='ltr'>fuit,</span> <span class='ocrx_word' id='word_1_358' title='bbox 493 4174 525 4223; x_wconf 90' lang='lat' dir='ltr'>et</span> <span class='ocrx_word' id='word_1_359' title='bbox 540 4162 571 4222; x_wconf 90' lang='lat' dir='ltr'>irr</span> <span class='ocrx_word' id='word_1_360' title='bbox 587 4157 672 4242; x_wconf 89' lang='lat' dir='ltr'>cujus</span> <span class='ocrx_word' id='word_1_361' title='bbox 695 4160 798 4221; x_wconf 82' lang='lat' dir='ltr'>laudes</span> <span class='ocrx_word' id='word_1_362' title='bbox 815 4157 1037 4240; x_wconf 86' lang='lat' dir='ltr'>persequendas</span> <span class='ocrx_word' id='word_1_363' title='bbox 1061 4154 1210 4221; x_wconf 86' lang='lat' dir='ltr'>Cicerone</span> 
     </span>
    </p>
   </div>
   <div class='ocr_carea' id='block_1_7' title="bbox 166 4248 933 4391">
    <p class='ocr_par' dir='ltr' id='par_1_9' title="bbox 166 4248 933 4391">
     <span class='ocr_line' id='line_1_45' title="bbox 166 4248 532 4331; baseline -0.014 -17"><span class='ocrx_word' id='word_1_364' title='bbox 166 4254 324 4315; x_wconf 82' lang='lat' dir='ltr'>laudatore</span> <span class='ocrx_word' id='word_1_365' title='bbox 339 4270 417 4331; x_wconf 88' lang='lat' dir='ltr'>opus</span> <span class='ocrx_word' id='word_1_366' title='bbox 432 4248 532 4310; x_wconf 87' lang='lat' dir='ltr'>suerit.</span> 
     </span>
     <span class='ocr_line' id='line_1_46' title="bbox 197 4324 933 4391; baseline -0.012 -8"><span class='ocrx_word' id='word_1_367' title='bbox 197 4336 234 4385; x_wconf 85' lang='grc' dir='ltr'>Μ.</span> <span class='ocrx_word' id='word_1_368' title='bbox 244 4339 336 4385; x_wconf 76' lang='lat' dir='ltr'>Seneca</span> <span class='ocrx_word' id='word_1_369' title='bbox 347 4336 441 4383; x_wconf 83' lang='lat' dir='ltr'>Suasor.</span> <span class='ocrx_word' id='word_1_370' title='bbox 452 4346 499 4380; x_wconf 86' lang='lat' dir='ltr'>vrr.</span> <span class='ocrx_word' id='word_1_371' title='bbox 532 4330 569 4378; x_wconf 69' lang='grc' dir='ltr'>(Ἰ.</span> <span class='ocrx_word' id='word_1_372' title='bbox 581 4331 654 4377; x_wconf 86' lang='lat' dir='ltr'>Grou.</span> <span class='ocrx_word' id='word_1_373' title='bbox 666 4328 734 4375; x_wconf 83' lang='lat' dir='ltr'>Obss.</span> <span class='ocrx_word' id='word_1_374' title='bbox 747 4338 782 4375; x_wconf 83' lang='lat' dir='ltr'>iv.</span> <span class='ocrx_word' id='word_1_375' title='bbox 795 4326 832 4375; x_wconf 83' lang='lat'>13.</span> <span class='ocrx_word' id='word_1_376' title='bbox 842 4342 866 4391; x_wconf 90' lang='lat' dir='ltr'>p.</span> <span class='ocrx_word' id='word_1_377' title='bbox 878 4324 933 4374; x_wconf 82' lang='grc'><strong>213.</strong></span> 
     </span>
    </p>
   </div>
   <div class='ocr_carea' id='block_1_8' title="bbox 200 4446 1210 4638">
    <p class='ocr_par' dir='ltr' id='par_1_10' title="bbox 200 4446 1210 4638">
     <span class='ocr_line' id='line_1_47' title="bbox 545 4446 828 4509; baseline -0.014 0"><span class='ocrx_word' id='word_1_378' title='bbox 545 4446 590 4509; x_wconf 79' lang='lat' dir='ltr'>ari</span> <span class='ocrx_word' id='word_1_379' title='bbox 606 4460 666 4509; x_wconf 82' lang='lat' dir='ltr'>rra.</span> <span class='ocrx_word' id='word_1_380' title='bbox 683 4458 828 4507; x_wconf 77' lang='lat' dir='ltr'>cxxxrrr.</span> 
     </span>
     <span class='ocr_line' id='line_1_48' title="bbox 200 4549 1210 4638; baseline -0.012 -14"><span class='ocrx_word' id='word_1_381' title='bbox 200 4560 304 4624; x_wconf 75' lang='lat' dir='ltr'>Livius</span> <span class='ocrx_word' id='word_1_382' title='bbox 321 4558 429 4636; x_wconf 83' lang='lat' dir='ltr'>refert,</span> <span class='ocrx_word' id='word_1_383' title='bbox 453 4554 659 4638; x_wconf 84' lang='lat' dir='ltr'>Cleopatram,</span> <span class='ocrx_word' id='word_1_384' title='bbox 675 4572 767 4633; x_wconf 85' lang='lat' dir='ltr'>quum</span> <span class='ocrx_word' id='word_1_385' title='bbox 791 4551 829 4612; x_wconf 88' lang='lat' dir='ltr'>ab</span> <span class='ocrx_word' id='word_1_386' title='bbox 845 4549 983 4631; x_wconf 81' lang='lat' dir='ltr'>Augusto</span> <span class='ocrx_word' id='word_1_387' title='bbox 1000 4562 1090 4635; x_wconf 88' lang='lat' dir='ltr'>copta</span> <span class='ocrx_word' id='word_1_388' title='bbox 1110 4550 1210 4613; x_wconf 89' lang='lat' dir='ltr'>indul·</span> 
     </span>
    </p>
   </div>
   <div class='ocr_carea' id='block_1_9' title="bbox 0 0 1597 5225">
    <p class='ocr_par' dir='ltr' id='par_1_11' title="bbox 0 0 1597 5225">
     <span class='ocr_line' id='line_1_49' title="bbox 0 0 1597 5225; baseline 0 0"><span class='ocrx_word' id='word_1_389' title='bbox 0 0 1597 5225; x_wconf 95' lang='lat' dir='ltr'> </span> 
     </span>
    </p>
   </div>
  </div>
 </body>
</html>
