3184 5225
421 358 478 417 tra
828 354 911 415 ΤΙΤΙ
932 354 1030 415 mvn

256 510 395 567 uacum·
421 530 511 593 strper
535 508 731 572 Ambracium
757 508 867 587 sinum,
897 530 991 593 prope
1013 530 1133 573 amnem
1158 509 1339 575 Acheloum.
1383 510 1464 575 Cum

256 575 395 628 ΝΜ
422 597 527 660 decern
550 594 681 657 millibus
707 595 847 677 pediturn
872 616 909 657 eo
930 595 1081 678 profectus
1105 607 1151 658 est
1173 609 1206 659 et
1225 598 1376 679 equitibus
1400 611 1464 661 tre·

421 683 536 745 centis:
565 701 641 763 quos
663 682 820 764 pauciores
842 694 965 765 propter
985 683 1140 765 angustias
1154 684 1268 747 viarum
1292 696 1324 746 et
1347 686 1462 766 asperi·

420 779 516 830 tatem
532 767 629 829 duxit.
671 764 777 830 Tertio
793 766 843 830 die
867 788 958 851 quum
980 770 1166 851 pervenisset
1186 770 1226 831 ad
1241 768 1356 833 Citium
1371 791 1462 833 mon·

419 866 494 932 tem,
513 854 564 917 vix
583 866 784 937 transgressos
806 866 928 937 propter
947 854 1139 917 altitudinem
1155 856 1242 933 nivis,
1264 856 1366 919 locum
1387 876 1462 937 quo-

418 961 477 1023 que
494 939 600 1002 castris
624 960 702 1022 tegre
725 940 851 1002 invenit.
896 939 1052 1003 Profectus
1067 941 1149 1019 inde,
1178 942 1275 1024 magis
1301 943 1374 1023 quia
1396 964 1462 1005 ma·

417 1046 490 1089 nere
515 1046 578 1089 non
600 1038 731 1109 poterat,
757 1047 850 1109 quam
872 1026 953 1110 quod
976 1028 1142 1090 tolerabilis
1165 1040 1217 1091 aut
1238 1028 1286 1089 via
1307 1038 1360 1090 aut
1380 1039 1461 1092 tem·

415 1124 519 1197 pestas
539 1124 628 1189 esset,
649 1132 717 1175 cum
738 1112 856 1194 ingenti
878 1113 1047 1190 vexatione,
1070 1114 1220 1196 praecipue
1237 1112 1462 1194 jumentorum,

417 1198 512 1259 altero
537 1198 586 1261 die
609 1198 649 1260 ad
674 1198 822 1280 templum
842 1196 938 1278 Jovis,
960 1220 1049 1282 quern
1065 1198 1200 1262 Nicaeum
1215 1204 1332 1278 vocant,
1355 1200 1463 1282 posuit

414 1294 525 1345 casua.
568 1283 619 1345 Ad
640 1281 830 1346 Arachthum
846 1283 917 1346 inde
939 1284 1062 1363 flumen,
1085 1286 1193 1348 itincre
1216 1285 1329 1367 ingenti
1352 1306 1462 1347 eruen-

415 1390 463 1447 so,
479 1379 613 1431 retentus
629 1369 789 1431 altitudine
804 1371 914 1448 amnis,
936 1374 962 1411 ¹⁵
975 1372 1096 1433 mansit.
1140 1370 1209 1441 Quo
1223 1371 1323 1453 spatio
1337 1382 1462 1453 tempo·
1559 1428 1560 1433 ,

417 1456 458 1515 ris
487 1467 582 1537 ponte
610 1455 759 1537 perfecto,
792 1455 939 1517 traductis
969 1457 1066 1541 copiis
1097 1454 1157 1517 diei
1187 1476 1361 1537 progressus
1392 1456 1461 1535 iter,

416 1539 596 1604 ¹⁸obvium·
615 1539 835 1603 Archidamum
851 1542 1017 1625 principem
1040 1537 1226 1619 AEtolorum‚
1246 1562 1302 1625 per
1325 1562 1417 1625 quem
1432 1543 1460 1605 ei

416 1620 537 1689 Stratus
551 1625 737 1706 tradebatur,
753 1627 868 1690 habuit.

458 1710 563 1775 XXII.
584 1710 635 1783 Fa
655 1714 705 1777 dic
729 1714 769 1777 ad
790 1714 882 1777 linem
905 1713 970 1797 agri
988 1710 1085 1777 AEtoli
1108 1724 1207 1777 castra
1226 1715 1339 1799 posita.
1385 1712 1459 1777 lnde

415 1797 512 1861 altero
542 1800 591 1861 die
621 1798 661 1861 ad
688 1797 822 1862 Stratum
847 1811 1043 1882 perventum:
1070 1801 1132 1881 ubi,
1162 1822 1257 1885 prope
1286 1799 1459 1863 Acheloum

414 1903 536 1947 amnem
563 1887 669 1949 castris
695 1885 815 1969 positis,
841 1906 933 1967 quum
957 1899 1160 1969 exspectaret,
1186 1888 1296 1949 effusos
1318 1887 1459 1949 omnibns

414 1972 509 2055 portis
524 1968 647 2035 AEtolos
663 1972 695 2035 iu
708 1971 801 2035 fidem
815 1992 900 2033 suam
914 1985 1067 2051 venturos,
1089 1973 1205 2035 clausas
1227 1985 1343 2056 portas,
1366 1985 1458 2055 atquc

249 2056 351 2107 ΝΜ
365 2056 402 2107 3⁰·
414 2057 481 2143 ipsa
501 2080 539 2122 ea
561 2071 664 2138 nocte,
686 2080 746 2142 qua
764 2070 900 2137 venerat,
922 2070 1075 2143 receptum
1092 2057 1266 2121 Romanum
1286 2058 1458 2143 prasidium

248 2123 371 2237 mh
414 2166 484 2210 curn
513 2144 549 2209 C.
575 2145 703 2229 Popillio
725 2136 827 2226 legato
855 2144 979 2207 invenit.
1029 2142 1196 2227 Principes,
1223 2144 1274 2228 qui
1304 2143 1458 2227 prasentia

414 2234 592 2297 Archidami
608 2231 787 2295 auctoritate
810 2230 957 2315 compulsi
980 2252 1081 2315 regem
1103 2232 1312 2309 arcessieram,
1334 2230 1455 2293 obviam

414 2342 535 2404 egresso
554 2318 741 2382 Archidamo
763 2318 918 2400 segniores
941 2317 1026 2397 lacti,
1052 2318 1152 2379 locum
1179 2317 1309 2379 adversa
1329 2316 1456 2379 factioni

413 2406 562 2470 dederant
592 2405 632 2467 ad
658 2404 819 2488 Popillium
846 2424 915 2467 cum
940 2404 1023 2469 mille
1051 2402 1203 2487 peditibus
1228 2404 1267 2465 ab
1291 2400 1456 2464 Ambracia

414 2491 636 2555 arcessendum.
679 2487 714 2551 ln
735 2499 872 2573 tempore
890 2500 922 2551 et
936 2487 1118 2569 Dinarchus,
1141 2486 1298 2572 praiectus
1321 2489 1457 2571 equiturn

412 2577 513 2660 gentis
527 2574 714 2653 AEtolorum,
736 2596 806 2640 cum
831 2576 981 2640 sexcentis
995 2576 1148 2659 peditibus
1164 2588 1196 2639 et
1210 2574 1362 2660 equitibus
1383 2594 1456 2637 cen·

413 2675 479 2725 turn
504 2662 598 2725 venit.
640 2658 723 2724 Satis
736 2663 908 2742 constabat,
930 2684 1009 2742 eum,
1032 2675 1186 2746 tamquam
1207 2661 1246 2724 ad
1263 2659 1369 2722 Persea
1384 2671 1457 2722 ten·

413 2748 548 2827 dentem,
569 2745 705 2811 Stratum
720 2749 857 2811 venisses
885 2760 1005 2813 mutato
1027 2749 1138 2812 deinde
1158 2768 1226 2810 cum
1249 2745 1369 2808 fortuna
1385 2746 1455 2808 ani·

411 2855 475 2912 mo,
505 2833 649 2896 Romanis
680 2855 723 2913 se,
753 2836 895 2898 adversus
924 2853 999 2917 quos
1027 2847 1158 2912 venerat,
1181 2831 1328 2915 junxisse.
1384 2828 1455 2892 Nec

409 2917 557 3002 Popillius
581 2920 723 2999 securior,
753 2943 846 3002 quarn
873 2922 1004 2984 debebat
1028 2942 1104 2999 esse,
1132 2922 1209 2982 inter
1234 2929 1298 2980 tarn
1324 2915 1456 2978 mobilia

407 3005 535 3087 ingenia
557 3018 631 3069 erat.
657 3006 754 3070 claves
779 3020 936 3090 portarum
962 3007 1191 3086 custodiamque
1215 3022 1368 3066 murorum
1390 3023 1455 3064 sua

410 3092 566 3176 extemplo
589 3093 749 3174 potestatis
771 3090 865 3154 iecit:
892 3089 1082 3154 Dinarchum
1103 3088 1285 3168 AEtolosque
1306 3087 1378 3148 'cum
1401 3086 1455 3169 ju·

411 3190 536 3240 rentute
558 3176 740 3240 Stratiorum
763 3179 795 3240 in
818 3198 917 3240 arcam
941 3197 996 3259 per
1017 3175 1146 3260 praesidii
1174 3173 1304 3257 speciem
1330 3173 1454 3236 amovit.

410 3260 547 3344 Perseus,
569 3265 609 3326 ab
623 3263 842 3326 inminentibus
864 3263 1008 3346 superiori
1031 3261 1110 3345 parti
1132 3261 1213 3323 urbis
1237 3259 1361 3323 tumulis
1384 3270 1453 3322 ten·

411 3351 485 3414 tatis
507 3350 686 3431 conloquiis,
714 3371 807 3432 quum
830 3351 999 3412 obstinatos
1015 3361 1114 3428 atqua
1137 3347 1230 3408 etiarn
1257 3344 1327 3408 telis
1350 3343 1452 3426 procul

413 3448 549 3499 arcentes
564 3437 690 3514 videret,
711 3437 843 3519 quinque
862 3435 958 3498 millia
978 3455 1120 3516 passuum
1142 3433 1182 3494 ab
1206 3432 1280 3493 urbe
1301 3441 1382 3492 trarn
1397 3428 1455 3491 Pe·

240 3521 386 3586 -Btwditw
412 3523 535 3584 titanrm
550 3541 670 3583 amnem
685 3522 785 3604 posuit
800 3533 909 3584 castra.
953 3518 1000 3583 lbi
1015 3518 1337 3593 consilio‘advocato‚
1358 3535 1454 3660 ‹puum

248 3589 357 3641 “m''
412 3608 612 3671 Archidamus
640 3607 925 3690 ¹⁷Epirotanrmque
955 3606 1115 3686 transfugae
1141 3605 1315 3679 retinerent,
1343 3597 1454 3662 hace·

693 3759 881 3836 amam
984 3783 1166 3840 ‘marronae

445 3963 465 3997 ¹⁵
482 3959 575 4008 licant.
606 3953 730 4016 Quorpotio
739 3949 914 4014 tenporisll’ro-
946 3949 1036 3998 obuium
1456 4011 1458 4018 Α

410 4027 475 4076 tecto
491 4027 533 4074 hic
543 4022 628 4085 aliquid
643 4022 715 4069 deest.
748 4015 915 4094 Uteuimhaec
980 4013 1000 4050 ¹⁷
1017 4011 1199 4092 Epirotarumque
1209 4007 1342 4124 mnffupoe]
1367 4009 1457 4088 lipra-

412 4101 498 4138 mucra
516 4100 579 4144 nant,
600 4100 693 4134 neccsse
712 4094 747 4132 est
768 4097 862 4129 omnmo
888 4091 915 4129 ut
947 4075 1288 4125 culdubroemntcrfsctrone
1322 4073 1408 4138 ephalr,
1424 4075 1455 4122 da

412 4153 490 4201 Livius
500 4151 640 4207 indicaverit,
655 4149 768 4212 numurus
779 4147 848 4195 fuerit
860 4145 915 4193 illud
964 4158 993 4189 uo
1003 4157 1069 4206 supra
1081 4159 1103 4190 c.
1116 4143 1153 4191 ta.
1164 4153 1188 4190 et
1198 4143 1251 4190 ideo
1261 4141 1368 4188 dicuntur
1377 4149 1456 4216 trans-

412 4219 512 4282 spatium
527 4214 644 4280 temporis.
663 4229 710 4278 quo
730 4211 813 4268 mansit
832 4225 874 4259 rex
888 4211 915 4258 ad
972 4224 1016 4284 gre,
1037 4207 1089 4270 qnia
1109 4221 1179 4318 ponpa
1200 4203 1456 4318 Pfimggdlstggffi

411 4279 577 4392 Alldhdbiidir
607 4341 764 4391 Arrhidaeum
781 4376 788 4391 .
805 4371 836 4389 ..
853 4338 915 4388 .l1u-
946 4283 1086 4384 llliiflldiis
1099 4285 1142 4386 bic
1155 4281 1258 4402 ¹:10de
1274 4333 1398 4396 legendum
1420 4343 1457 4383 ast

412 4410 471 4486 aar]
490 4410 528 4458 sic
547 4407 625 4463 haber.
638 4405 743 4456 Hermio
760 4416 828 4460 teste,
844 4404 915 4468 prims
948 4399 1081 4451 AEataaa.

412 4476 502 4539 etim,
519 4472 600 4522 melrsu
610 4486 687 4539 quam,
696 4481 724 4521 ut
736 4469 832 4532 vulgatae
843 4483 915 4532 nunc,
