3184 5225
519 348 906 427 mmmm
1178 358 1219 413 a

170 507 203 571 r.
218 504 311 569 suro
327 502 416 567 euru
436 503 468 565 n
492 504 665 571 citeriorem
692 506 751 572 era
774 507 872 571 maras
896 507 1033 589 aaron
1057 506 1215 571 nomana
1230 486 1373 557 ucsrs'

169 614 249 673 rum,
264 591 383 673 equites
398 601 522 663 centurn
537 592 768 675 quinquaginta,
788 604 821 655 et
834 594 952 657 socium
966 592 1066 657 banni
1082 595 1214 657 nominis
1226 570 1259 619 A*
1268 570 1298 621 c·
1312 572 1366 623 ¹⁷⁴·

170 680 307 761 quinque
322 676 419 739 millia
433 676 584 759 peditum,
607 680 734 744 trecenti
750 679 889 760 equites:
913 677 1019 744 Sicilia
1032 678 1069 743 1..
1085 679 1214 744 Claudio

172 766 240 832 sine
256 764 466 847 supplemento
491 763 622 827 decreta.
666 762 752 829 Duas
766 776 913 847 praterea
926 766 1061 847 legiones
1076 766 1214 835 cornulas

172 851 304 915 scribere
323 849 413 931 jussi,
436 869 505 911 curn
528 846 613 929 justo
636 870 763 913 numero
788 850 927 932 peditum
953 851 1161 935 equitumque,
1183 864 1215 915 et

172 938 280 1001 mem
297 936 394 999 millia
416 935 553 1017 peditum
579 936 668 997 sociis
693 936 853 1017 imperare,
869 948 901 999 et
913 950 1075 1007 sexcentos
1089 940 1215 1021 equites.

171 1020 317 1087 Deiectus
331 1022 504 1087 consulibus
518 1042 556 1083 eo
572 1021 722 1083 difficilior
745 1032 821 1099 erat,
844 1022 926 1103 quod
948 1024 1133 1103 pestilentia,
1151 1030 1367 1106 quarantenis.
1398 1075 1402 1081 .

170 1110 271 1192 priore
287 1129 370 1171 anno
385 1108 416 1169 in
431 1108 521 1169 boves
546 1108 709 1191 ingruerat,
734 1110 760 1147 ⁹²
773 1128 811 1167 eo
835 1117 988 1172 verteret⁰
1011 1110 1043 1171 in
1059 1110 1215 1176 hominum

171 1195 306 1257 morbos.
331 1195 382 1277 qui
404 1193 584 1271 inciderant,
607 1192 689 1260 baud
713 1192 803 1255 facile
816 1194 979 1276 septimum
996 1194 1077 1256 diem
1092 1216 1215 1277 supera·

170 1282 269 1345 bant:
311 1280 361 1361 qui
391 1289 642 1362 superaverantl’,
674 1278 854 1361 longinquo,
890 1280 1023 1346 maxime
1048 1293 1216 1363 quartana,

171 1366 396 1449 inplicabantur
421 1366 538 1429 morbo.
582 1362 710 1427 Servitia
733 1367 865 1430 maxime
881 1366 1095 1436 moriebantur.
1110 1388 1216 1440 eorum

173 1465 290 1533 strages
317 1472 372 1533 per
397 1472 502 1518 omnes
528 1452 590 1513 vias
617 1452 836 1535 insepultorum
864 1464 939 1518 erat.
982 1450 1030 1517 Ne
1055 1452 1216 1519 liberorum

177 1538 299 1621 quidem
314 1538 470 1601 funeribus
492 1541 518 1577 ⁹³
532 1534 667 1601 Libitina
681 1537 870 1602 subiciebat.
913 1538 1078 1615 cadavera,
1099 1538 1217 1602 intacta

174 1647 195 1687 a
209 1626 333 1687 canibus
357 1644 394 1685 ac
417 1622 593 1701 vulturibus,
619 1624 705 1685 tabes
721 1625 920 1687 absumebatr
942 1626 1077 1707 satisque
1092 1636 1214 1687 consta-

174 1710 238 1787 bat,
261 1731 318 1771 nec
335 1710 398 1787 illo,
420 1730 476 1771 uec
500 1710 599 1791 priore
623 1731 716 1786 anno,
739 1711 770 1771 iu
789 1722 878 1773 tanta
891 1723 992 1792 strage
1007 1711 1100 1776 boum
1115 1711 1215 1775 bomi-

173 1816 309 1877 numque
335 1795 498 1859 vulturium
527 1815 654 1877 usquam
682 1796 789 1859 visum.
834 1794 1015 1879 Sacerdotes
1044 1797 1157 1879 publici
1180 1818 1217 1861 ea

173 1882 349 1965 pestilentia
367 1882 479 1945 mortui
501 1893 583 1959 sunt,
604 1880 660 1945 Cn.
681 1880 824 1945 Servilius
848 1882 951 1965 Capio
964 1884 1115 1966 pontifex,
1129 1897 1217 1968 pater

174 1968 321 2051 pratoris,
347 1979 379 2033 et
402 1972 428 2007 ⁹⁴
439 1967 489 2031 Ti.
515 1964 711 2049 Sempronius
725 1967 774 2031 Ti.
793 1967 848 2030 ΡΑ
862 1968 986 2051 longiis
1001 1968 1152 2035 decemvir
1166 1991 1216 2033 sa·

172 2075 305 2133 crorum,
321 2065 353 2116 et
368 2052 401 2115 P.
422 2051 521 2116 AElius
537 2052 634 2115 Pactus
649 2075 756 2135 augur,
783 2066 815 2116 et
834 2053 885 2117 Tr.
908 2054 1105 2139 Sempronius
1118 2053 1217 2117 Grac·

174 2142 261 2220 chus,
276 2153 309 2203 et
324 2140 361 2203 C.
377 2138 533 2203 Mamilius
548 2137 669 2201 Vitulus
684 2141 768 2201 eurio
783 2141 946 2219 maximus,
958 2155 991 2203 et
1004 2140 1053 2204 M.
1071 2139 1217 2223 Sempro-

174 2226 242 2287 nius
256 2225 430 2289 Tuditanus
444 2225 593 2311 pontifex.
609 2229 635 2265 ⁹⁵
648 2225 808 2307 pontifices
822 2227 950 2287 subiecti
967 2239 1048 2304 sunt,
1063 2226 1099 2290 C.
1115 2224 1218 2308 Sulpi·

174 2312 241 2375 cius
256 2311 440 2375 Galballlli'tr
463 2312 493 2373 in
516 2312 617 2374 locum
638 2310 795 2373 Tuditani.
837 2311 978 2392 Augures
991 2311 1122 2375 subiecti
1136 2325 1219 2388 sunt,

176 2398 209 2459 in
225 2396 357 2461 Gracchi
372 2398 471 2461 locum
484 2395 523 2459 T.
539 2394 680 2459 Veturius
696 2394 852 2459 Gracchus
868 2394 1117 2479 Sempronianus,
1139 2397 1170 2459 iu
1184 2396 1219 2459 P.

177 2480 256 2545 AElii
273 2484 311 2555 Q.
327 2480 427 2543 AElius
446 2482 550 2549 Paetus.
593 2480 753 2545 Decemvir
779 2502 933 2548 sacrorum
961 2482 996 2544 C.
1022 2480 1219 2566 Sempronius

176 2567 312 2652 Longus,
325 2569 407 2632 curio
418 2570 564 2632 maximus
581 2566 616 2631 C.
631 2566 806 2632 Scribonius
821 2566 914 2632 Curio
927 2568 1094 2632 subiicitur.
1116 2568 1218 2644 Quum

171 2657 354 2738 pestilentia
378 2655 446 2718 finis
470 2677 532 2718 non
557 2654 654 2735 lieret,
676 2667 799 2718 senatus
822 2655 967 2733 decrevit,
989 2657 1033 2718 uti
1055 2655 1217 2718 decemviri

175 2743 267 2804 libros
295 2740 460 2825 Sibyllinos
485 2743 614 2806 adirent.
670 2739 718 2804 Ex
744 2741 869 2804 decreto
890 2763 995 2806 eorum
1020 2742 1102 2804 diem
1125 2762 1218 2804 unum

174 2828 356 2912 supplicatio
380 2828 448 2890 fuit.
473 2841 516 2906 et,
541 2827 619 2898 ⁹⁶0.
646 2825 764 2891 Martio
792 2827 932 2910 Philippo
951 2829 1044 2890 verba
1057 2837 1218 2909 praeeunte,

174 2916 303 2998 populus
329 2916 360 2976 in
386 2914 452 2976 soro
466 2927 571 2976 voturn
586 2914 748 2996 concepitr
771 2915 782 2948 ‘
798 2911 831 2976 Si
847 2915 970 2976 morbus
985 2914 1219 2996 pestilentiaque

174 3000 238 3062 ‘ex
263 3022 337 3082 agro
365 2999 506 3062 Romano
530 3013 633 3062 emota
655 3011 745 3076 esset,
768 3000 895 3062 biduum
910 2999 1000 3062 ferias
1014 3021 1050 3063 ac
1064 3001 1218 3084 supplica-

174 3086 186 3118 ‘
201 3088 317 3150 tionem
333 3108 365 3148 se
390 3084 584 3156 habitururn?
637 3083 672 3148 In
689 3085 809 3149 Veienti
824 3107 897 3167 agro
912 3087 1016 3168 biceps
1029 3099 1120 3152 uatus
1135 3106 1219 3168 puer,
1232 3085 1312 3157 hidis

176 3183 209 3235 et
223 3170 373 3234 Sinuessa
389 3173 559 3251 unimanus,
585 3183 617 3234 et
636 3171 780 3236 Αιικίιηί·
796 3173 899 3254 puella
914 3194 984 3235 cum
999 3172 1164 3249 dentibus;
1187 3184 1220 3233 et

179 3277 265 3318 arcus
299 3258 430 3321 interdiu
461 3279 569 3320 sereno
598 3259 677 3320 coelo
707 3279 795 3340 super
821 3259 916 3323 mem
944 3257 1066 3320 Saturni
1094 3259 1124 3318 in
1152 3257 1219 3318 foro

180 3341 319 3406 Romano
334 3346 479 3422 intentus,
500 3355 532 3406 et
547 3358 607 3407 tres
622 3344 711 3406 simul
733 3345 812 3406 soles
833 3344 1028 3406 effulserunt:
1052 3353 1084 3404 et
1097 3345 1124 3388 ⁹⁷
1136 3342 1219 3402 faces
1295 3414 1298 3420 Ι

176 3429 284 3492 eadem
307 3443 398 3494 nocte
424 3431 524 3512 plures
547 3453 602 3513 per
628 3431 738 3492 coelum
769 3429 861 3510 lapsa
886 3439 957 3490 sunt
982 3429 1013 3491 in
1038 3425 1218 3492 barnuino:

206 3651 219 3679 o
234 3649 330 3692 mma
340 3641 414 3689 om,
425 3641 495 3690 Cras.
571 3645 585 3678 Ρ
600 3636 729 3698 superabant
740 3632 807 3682 aad.
889 3641 902 3677 t
919 3633 954 3683 Ίῖ.
965 3634 1020 3684 F.l.
1033 3636 1061 3686 C.
1073 3633 1100 3688 Β.
1112 3637 1186 3686 Gran.

303 3705 590 3768 ‘sbmtdguumlesuoae
603 3701 677 3752 Grou-
690 3699 760 3748 Cres.
920 3699 1093 3749 ¹Ostnissad

207 3882 229 3916 9²
246 3875 292 3937 Εο]
313 3878 391 3925 Auno.
717 3846 893 3918 circumfertur
903 3879 946 3917 est.
1143 3926 1150 3939 .

209 3945 231 3980 ⁹⁸
248 3939 358 4007 Libitinu]
374 3941 430 3989 vid.
441 3951 490 3990 not.
506 3939 546 3987 67.
566 3939 594 3986 ad
611 3937 630 3986 l.
642 3947 685 3984 xr..
702 3933 707 3942 ¹
748 3931 770 3972 ⁹⁶
782 3933 810 3988 Q.
823 3935 909 3981 Murrio
919 3928 1031 3992 Philippo]
1042 3929 1178 3977 Decemrrro
1187 3943 1224 3976 ss-

177 4025 199 4058 c.
212 4009 250 4056 19.
719 4015 818 4048 erorum.
835 3998 888 4044 vir.
898 4012 964 4059 supra
975 3995 990 4040 Ι.
1004 4007 1046 4043 xt.
1058 4012 1080 4043 c.
1092 3995 1132 4041 ⁴2.

212 4071 234 4106 θ’
246 4069 426 4130 Ὶῖ.8εωρνοηιίιε
435 4067 469 4117 Ti.
481 4061 686 4132 Etovagmfflaec
730 4065 771 4100 -97
794 4061 970 4120 umnam
987 4062 1080 4107 suntin
1102 4056 1226 4106 hasam.

177 4149 215 4186 est
227 4147 291 4183 vetur
301 4135 426 4200 scriptura,¹
434 4149 501 4198 quam
513 4133 572 4180 mele
582 4143 686 4180 murare·
721 4125 859 4188 Geticasque]
876 4123 1000 4200 Priscianus
1015 4122 1075 4176 btv·
1090 4124 1146 4171 citat
1163 4123 1225 4170 hunc

175 4213 211 4250 rat
223 4199 337 4261 Sigonius,
354 4201 444 4264 legique
461 4198 560 4264 jusserat
577 4195 613 4243 Ti.
624 4195 686 4242 Sem-
717 4193 794 4240 iorum
805 4191 851 4238 ric:
868 4187 980 4235 Ioarrumr
991 4186 1119 4250 Cornaque
1133 4203 1228 4253 angium

173 4267 270 4374 μαιωὶυἰ,
277 4263 342 4340 (ᾆξ’,
358 4263 411 4312 Vid.
422 4279 489 4342 supra
499 4264 515 4310 l.
526 4273 646 4372 agrae..
655 4259 677 4306 6
713 4251 957 4378 jissiuii'rwiffi,
971 4252 1110 4366 legle‘pppvrp’d
1121 4253 1230 4364 ‘affigi
1331 4328 1336 4336 .

179 4393 251 4442 Gaui
267 4327 524 4450 idigdidrinjiiiditdiiiii
538 4361 585 4438 Hic
598 4339 691 4436 iiiiii
722 4335 790 4450 inuno
801 4355 941 4434 SrcouruS.
958 4353 1032 4432 'Fores
1047 4381 1230 4431 suntneilsrfa-

177 4473 261 4507 nomen
273 4459 324 4522 ejus
335 4459 376 4521 qui
385 4459 410 4506 in
422 4458 498 4507 lorum
508 4455 622 4519 Capionis
633 4467 691 4519 pou·
724 4466 774 4501 rem
782 4449 902 4536 vesanas.
