3184 5225
429 372 488 431 ne
640 404 646 413 .
758 348 765 355 '
858 364 1062 427 'rmmvn
1174 379 1177 387 =

261 534 294 584 υ.
307 535 336 584 c.
348 536 405 586 sss.
429 536 484 607 spe
498 520 644 603 dejectus,
665 518 855 581 Antenorem
875 531 907 581 et
928 518 1100 603 Callippum
1116 518 1274 603 prefectos
1288 519 1480 583 elusiseum

261 602 332 653 *⁰-
346 602 400 652 ¹⁶st
429 608 632 692 quadraginta
657 605 765 667 lembis
798 604 938 687 (adjecta
972 607 1011 668 ad
1047 607 1127 669 hunc
1158 626 1318 669 numerum
1343 608 1480 688 quinque

278 736 284 747 ·
430 696 539 780 pristes
559 697 659 772 erant)
688 690 849 753 Tenedum
873 692 1091 769 mittit;'⁵²ut
1112 692 1184 755 inde
1204 714 1316 776 sparse
1340 712 1394 775 per
1414 693 1479 776 Cy·

382 823 388 832 .
429 780 533 843 clades
559 777 676 841 insulas
696 798 800 855 nares,
823 776 1042 841 Macedoniam
1064 798 1134 841 oum
1152 778 1304 841 frumento
1325 789 1478 861 petentes,

430 877 611 930 artarentur.
654 863 850 925 Cassandrea
867 864 1010 927 'deducte
1033 885 1122 927 naves
1149 865 1181 927 in
1205 878 1310 948 portus
1335 865 1479 947 primurn,

430 953 482 1034 qui
498 953 554 1013 sub
567 950 653 1013 Atho
668 960 772 1013 monte
787 962 870 1029 sunt,
893 950 964 1013 inde
978 948 1139 1013 Tenedum
1153 952 1276 1035 placido
1292 951 1368 1014 mari
1384 972 1479 1032 qaum

430 1037 633 1120 trajecissent,
656 1048 772 1099 stantes
793 1037 826 1099 in
849 1050 940 1119 portu
963 1035 1100 1099 Rhodias
1121 1050 1242 1120 apertas
1265 1058 1356 1100 naves
1373 1038 1479 1101 Euda-

430 1145 573 1207 mumque
593 1123 769 1205 proeiectrm
793 1144 908 1201 earum,
935 1126 962 1165 ⁵³
975 1123 1164 1201 inviolatas,¹
1187 1135 1279 1205 atque
1303 1125 1395 1187 etiam
1421 1125 1479 1185 be-

429 1212 523 1293 nigne
549 1210 719 1291 adpellatos
746 1209 935 1271 dimiserunt.
979 1209 1112 1291 Cognito
1132 1210 1255 1287 deinde,
1281 1215 1307 1251 ⁵⁴
1322 1211 1352 1271 in
1379 1210 1480 1272 latere

401 1298 526 1360 <altero
556 1295 776 1377 quinquaginta
812 1297 965 1359 onerarias
992 1317 1124 1372 suarum,
1155 1297 1304 1359 stantibus
1333 1296 1365 1359 in
1394 1298 1480 1359 ostio

427 1395 535 1466 portus
560 1382 706 1445 Eumenis
730 1382 879 1459 rostratis,
902 1383 1010 1463 quibus
1032 1381 1162 1445 Damius
1187 1394 1322 1465 praeerat,
1344 1383 1480 1445 inclusas

426 1490 514 1547 esse3
537 1474 565 1510 ὅ·
578 1468 770 1531 circumvecti
782 1477 797 1507 ⁸
821 1488 961 1550 propere,
985 1490 1021 1531 nc
1046 1470 1194 1533 submotis
1213 1484 1328 1532 terrore
1343 1468 1479 1531 hostium

400 1585 403 1589 “
427 1557 565 1633 navibus,
587 1555 751 1633 onerarias,
771 1555 861 1632 datis,
886 1555 936 1636 qui
951 1568 1216 1638 prosequerentur,
1238 1556 1344 1619 decem
1361 1555 1481 1634 lembis,

426 1644 458 1703 in
474 1640 693 1703 Macedoniam
707 1641 856 1703 mittunt:
880 1641 925 1703 ita
937 1655 973 1704 ut
998 1645 1026 1681 ⁶⁶
1039 1642 1071 1703 in
1094 1654 1195 1705 tutum
1220 1642 1377 1725 prosecuti.
1396 1641 1477 1703 redi·

398 1757 402 1765 ·
426 1741 496 1790 rent
509 1726 680 1790 Tenedum.
722 1726 815 1789 Nono
842 1741 913 1809 post
928 1728 979 1790 die
993 1729 1033 1791 ad
1048 1729 1186 1806 classem,
1199 1726 1264 1809 jam
1285 1728 1325 1790 ed
1348 1725 1478 1809 Sigeum

426 1826 576 1892 stantem,
592 1815 758 1877 redierunt.
781 1812 859 1875 Inde
871 1811 987 1876 Subota
1004 1814 1116 1893 (insulq
1130 1827 1178 1877 est
1193 1813 1355 1896 interjecta
1365 1812 1477 1875 Erash

426 1912 459 1962 et
473 1900 573 1979 Atho)
591 1898 757 1981 trajiciunt.
801 1898 891 1961 Forte
907 1912 1030 1983 postero
1046 1900 1107 1978 die,
1131 1922 1222 1982 quam
1238 1898 1356 1963 Subota
1370 1898 1475 1963 elassis

364 2005 368 2016 ·
425 1987 685 2069 tenuit,‚quinqne
709 1998 742 2048 et
765 1986 893 2067 triginta
915 2006 1017 2065 nares,
1042 2008 1117 2071 quas
1139 1988 1330 2072 hippagogus
1353 1998 1476 2065 vocant,

426 2074 466 2135 ab
491 2072 574 2134 Elea
598 2072 746 2155 proiecta
773 2091 844 2133 cum
876 2072 1029 2153 equitibus
1055 2072 1151 2135 Gallis
1177 2073 1332 2157 equisque,
1354 2072 1476 2135 Phanas

447 2160 665 2221 romontorium
704 2157 852 2220 Chiorum
889 2159 1045 2239 petebant,
1087 2158 1168 2221 unde
1204 2160 1408 2223 transmittere
1441 2159 1475 2221 in

397 2180 645 2308 ‚hlaeedoniam
682 2255 819 2328 possent.
877 2242 983 2308 Attalo
1021 2245 1061 2307 ab
1091 2244 1228 2307 Eumene
1265 2246 1474 2309 mittebantur.

398 2331 493 2395 ·Has
508 2352 599 2393 neves
614 2353 669 2415 per
684 2330 780 2393 altum
806 2329 876 2393 ferri
900 2350 992 2412 quum
1017 2352 1057 2393 ex
1081 2332 1204 2412 specula
1227 2332 1348 2415 signum
1367 2330 1475 2395 dutum

397 2468 400 2475 .
424 2417 575 2481 Antenori
591 2430 681 2493 esset,
696 2417 850 2499 profectus
874 2438 894 2477 a
917 2414 1054 2495 Subotis,
1076 2418 1154 2479 inter
1179 2416 1377 2503 Erythrsmm
1402 2440 1473 2501 pro·

425 2504 611 2565 montorium
635 2502 818 2583 Chiumque,
841 2523 902 2584 que
924 2503 1108 2567 artissimum
1139 2503 1249 2567 fretum
1276 2516 1333 2583 est,
1356 2506 1392 2567 iis
1418 2505 1474 2567 ob-

396 2619 400 2627 ·
424 2590 529 2652 currit.
572 2587 658 2650 Nihil
679 2588 780 2650 minas
806 2588 928 2652 eredere
951 2589 1086 2674 praeieeti
1109 2588 1266 2670 Eumenis,
1288 2613 1380 2673 quem
1402 2589 1477 2654 Ma·

422 2675 577 2737 eedonum
591 2675 721 2738 classem
740 2675 772 2736 in
796 2675 850 2736 illo
873 2677 977 2757 vagari
1003 2677 1098 2740 mari:
1121 2697 1202 2740 nune
1219 2677 1373 2742 Romanos
1395 2699 1476 2756 esse,

424 2779 506 2824 nune
529 2761 678 2839 Attalum,
709 2771 764 2823 ant
789 2762 931 2824 remissos
960 2762 1076 2845 aliquos
1107 2765 1146 2826 ab
1174 2763 1282 2828 Attalo
1305 2787 1343 2828 ex
1368 2764 1477 2827 nastris

395 2846 572 2910 ·ilomanis
609 2845 789 2929 Pergamum
819 2861 934 2932 petere.
988 2848 1050 2912 Sed
1080 2869 1173 2931 quum
1205 2849 1271 2932 jam
1306 2850 1476 2933 adpropin-

423 2933 584 3015 quantium
611 2933 717 3009 forma,
736 2934 905 2996 lemborum
931 2936 1014 2998 haud
1037 2936 1130 2998 dubis
1145 2948 1234 3014 esset,
1256 2947 1287 2998 et
1300 2937 1474 3000 concitatio

425 3040 590 3098 remomm,
612 3021 796 3101 ducemque
821 3021 853 3082 in
878 3042 910 3082 se
936 3042 1043 3105 prorae,
1068 3025 1094 3069 ⁵⁷
1108 3023 1210 3086 hostes
1227 3021 1475 3106 adpropinquare

425 3108 636 3189 aperuissent3
674 3117 746 3168 tune
759 3105 887 3188 injecta
913 3108 1076 3190 trepidatio
1101 3120 1158 3185 est,
1189 3129 1281 3191 quum
1310 3106 1475 3170 resistendi

424 3213 494 3277 spes
519 3193 605 3255 nulla
629 3204 720 3270 esset,
746 3193 933 3275 inhabilique
959 3195 1080 3256 navium
1106 3215 1226 3276 genere,
1249 3206 1281 3256 et
1306 3191 1402 3256 Gallis
1423 3194 1474 3256 vix

426 3278 1284 3448 antirrinumomniumr
1306 3300 1474 3447 rura

333 3465 336 3468 ’
426 3451 517 3529 datis,
538 3452 579 3514 ad
601 3451 713 3513 Chium
727 3471 819 3514 naves
841 3450 967 3534 ejecere,
988 3452 1161 3533 relictisque
1176 3451 1388 3533 equiaeliusa
1401 3452 1473 3534 fuga

589 3607 601 3631 ²
614 3601 727 3648 inuiolatos
737 3598 812 3648 Doer.
1060 3608 1072 3634 ⁸
1087 3579 1235 3649 circumuenti
1245 3601 1314 3652 Cres.

555 3661 643 3715 Ulla
653 3663 727 3712 Gran.
1023 3672 1035 3698 ⁶
1053 3663 1184 3730 Erglhremn
1195 3665 1269 3717 Gton.
1280 3667 1350 3716 ΟΜ.

456 3771 479 3805 ⁵¹
497 3769 529 3819 Ut
549 3772 600 3820 inde
618 3770 707 3834 rporrae]
731 3769 832 3822 Videtur
850 3773 933 3822 melius
963 3773 1148 3838 titterroraipso,
1164 3791 1234 3837 quern
1252 3777 1398 3824 advenientes
1414 3773 1473 3839 inie-

423 3838 527 3887 hrttrrum
537 3839 647 3897 sperabat
657 3835 803 3884 resemturad
812 3840 931 3900 praefectos
963 3851 1054 3896 serunt,
1063 3839 1154 3888 lonium
1165 3841 1264 3889 notabis.

422 3901 866 3965 abssemqueporiutqusnrsdpristee.
996 3902 1017 3937 ⁵⁶
1034 3903 1063 3952 In
1081 3903 1165 3966 tntum]
1190 3903 1253 3952 Olim
1275 3913 1357 3962 tolum,
1387 3904 1473 3954 Eman-

395 4014 398 4021 ,
454 3969 479 4012 ⁵1
492 3967 620 4024 laesuro,
635 3972 701 4028 etque
717 3969 783 4014 etism
791 3968 932 4032 bniigneop·
963 3969 1024 4018 davit
1034 3969 1147 4029 Sigonius.

419 4031 520 4093 pedatu]
540 4033 604 4094 lege
619 4031 742 4093 inviolator,
758 4047 843 4097 nempe
856 4033 931 4081 Euda·
995 4033 1016 4074 ⁵7
1045 4033 1120 4082 Hostes
1133 4037 1304 4098 appropinquare
1324 4032 1474 4096 apenninum]

422 4109 487 4143 mum
498 4108 632 4161 ceterosque
648 4095 749 4145 Rhodios
766 4099 806 4161 qui
824 4112 889 4148 erant
907 4097 931 4146 in
963 4097 1102 4163 conjectura
1120 4099 1232 4148 Turnabi.
1273 4097 1338 4146 Prius
1355 4099 1475 4158 legebatur

421 4159 525 4208 navibus.
962 4166 1103 4225 apparuisset.
1131 4164 1199 4212 onor
1210 4165 1287 4227 siquis
1296 4164 1397 4211 retinere
1409 4163 1475 4221 velit,

453 4222 475 4257 ⁵⁴
490 4223 520 4271 ln
530 4225 685 4290 mmmm]
704 4228 789 4278 Insulae
800 4227 898 4279 Tenedi.
962 4229 1022 4289 legat
1032 4237 1053 4277 et
1063 4231 1205 4278 concitatione
1213 4245 1327 4286 murum,
1340 4229 1475 4292 directisque

452 4286 475 4320 ⁵⁵
493 4287 657 4353 Cinnamus]
675 4294 737 4343 Aliae
754 4295 869 4344 editiones
886 4293 929 4342 hs·
962 4295 985 4340 ia
1005 4309 1026 4342 re
1044 4296 1115 4355 proris
1132 4294 1199 4344 hostes
1213 4295 1384 4358 appropinquare
1404 4309 1475 4356 oppa·

418 4352 476 4400 heht
486 4353 648 4413 chremesensi,
654 4357 869 4410 nlioeeirermrueetor.
884 4360 931 4406 Sed
961 4360 1046 4408 aaut.

419 4417 492 4465 cuivis
502 4429 565 4482 patet
576 4419 698 4480 legendum
713 4439 777 4473 essa:
792 4425 930 4475 circumtecti
994 4423 1016 4457 ⁵⁸
1034 4423 1160 4473 Corrtinrrrti
1178 4421 1259 4486 littori]
1287 4422 1325 4472 Sic
1345 4421 1473 4476 Hondu:

417 4483 522 4550 pelenti
533 4482 609 4536 clatris
621 4488 785 4551 Macedonicas,
800 4505 827 4539 oo
836 4506 929 4540 summo·
962 4485 1047 4540 Porum
1059 4490 1151 4554 locuples
1161 4492 1283 4540 continente
1292 4490 1349 4552 ripa·
