3184 5225
372 396 433 454 2³8
803 382 1000 447 121²leAE

372 542 516 623 Micipsa,
528 526 726 600 Numidarum
733 558 796 610 rer,
808 547 940 598 mortisue
953 557 1075 618 repnum
1088 536 1184 599 tribus
1191 538 1274 617 filiis
1286 538 1422 621 reliquit,

370 620 549 693 Adherbali,
570 618 749 697 Hiempsali,
768 627 800 677 et
819 616 846 675 J
921 618 977 675 tha
989 616 1111 693 fratris
1120 614 1204 695 filio,
1223 638 1309 698 quem
1408 654 1422 663 -

371 707 501 759 triverat.
544 696 577 756 L.
595 697 732 757 Goecilr'us
755 692 852 753 Metel
864 716 898 754 us
919 693 1082 753 Dalmatas
1101 693 1225 773 subepit.
1268 697 1383 775 Jupurt

372 776 572 855 Hiempsalem
576 776 713 853 fratrem
726 772 802 833 bello
812 776 911 850 petiit,
926 792 1011 853 quem
1023 776 1133 831 victum
1151 774 1280 835 occidit:
1305 774 1423 834 Adher·

372 854 466 913 halem
484 872 572 931 requo
586 852 717 931 expulit:
740 850 796 910 ''s's
809 872 829 909 a
844 861 948 909 senatu
966 853 1124 910 restitutus
1138 860 1192 911 est.
1233 851 1267 910 L.
1286 852 1422 913 Oueilius

372 930 524 1004 Metellus,
541 932 593 991 Gn.
607 932 759 989 Domitius
770 927 990 999 Ahenobarbus,
1005 948 1146 1001 cerssores,
1160 932 1233 990 duos
1250 941 1281 989 et
1293 934 1424 1010 tripiata

369 1020 475 1069 senatu
488 1019 649 1069 moverunt.
691 1008 952 1067 Pratereamotrs
964 1006 1058 1083 Syria
1072 1026 1174 1085 repam
1186 1011 1323 1069 eontinet.

827 1418 971 1495 LXIII.

412 1632 487 1689 Cata
508 1630 634 1689 Porcius
654 1624 756 1687 consul
779 1628 811 1682 iu
838 1625 966 1683 Thracia
987 1624 1064 1682 male
1086 1626 1229 1684 adversus
1252 1625 1421 1687 Scordiscos

365 1710 521 1787 propriavit.
564 1708 703 1765 Lustrum
724 1724 745 1761 a
767 1702 933 1761 censoribus
954 1704 1102 1761 conditum
1127 1712 1182 1761 est.
1234 1704 1328 1762 Crosa
1350 1716 1421 1763 suut

367 1790 476 1845 civium
496 1787 598 1863 capita
621 1790 752 1841 trecenta
771 1783 935 1858 moriapiuta
953 1789 1083 1872 quatuor
1097 1781 1202 1849 millia,
1216 1790 1347 1841 trecenta
1362 1786 1419 1840 tri-

365 1867 522 1943 pistores.
563 1862 701 1932 Emissa,
716 1861 845 1928 Licinia,
863 1859 1134 1934 Marcimvirpises
1160 1859 1300 1930 Vestales,
1315 1863 1421 1920 imerri

367 1946 514 2001 domnola
527 1950 614 2001 sunl:
637 1942 725 2019 idque
738 1941 879 1997 incestum
891 1939 1133 2016 quemadmodum
1144 1946 1175 1994 et
1187 1940 1377 2009 commissum,
1387 1949 1420 1997 et

365 2022 585 2099 deprehensum,
607 2027 638 2076 et
652 2020 837 2075 vindicatum
849 2018 902 2085 sit,
920 2016 1064 2091 refertur.
1107 2015 1230 2085 Cimbri,
1243 2035 1314 2093 pens
1328 2036 1417 2094 rupa,

363 2098 569 2177 populabundi
591 2099 623 2155 irs
648 2096 807 2172 Illyricum
827 2102 992 2152 verterunt:
1024 2092 1063 2151 ab
1089 2094 1127 2151 iis
1152 2094 1297 2172 Papirius
1321 2096 1417 2154 Corb'o

364 2177 466 2237 consul
477 2194 541 2235 mm
559 2177 692 2234 erercitu
704 2175 800 2249 susus
815 2181 871 2231 est.
912 2172 1018 2230 Livius
1030 2172 1150 2230 Drusus
1160 2172 1263 2231 consul
1274 2175 1416 2233 adamsus

365 2252 542 2325 Scordiscos,
561 2262 678 2332 pentem
702 2273 722 2309 a
748 2251 848 2310 Gallis
872 2251 1038 2319 oriundam,
1068 2250 1100 2305 ia
1126 2250 1256 2311 Thracio
1276 2252 1418 2327 feliciter

361 2334 521 2410 pupuoos'l.

825 2699 961 2776 LXIV.

402 2911 567 2981 Adherbal,
582 2911 657 2969 bello
667 2913 782 2989 petitus
796 2931 816 2967 a
829 2910 994 2987 superruo,
1007 2911 1079 2967 etin
1089 2909 1196 2987 oppido
1219 2908 1304 2968 Cirta
1317 2909 1418 2970 obses-

363 3009 422 3058 sus,
443 2999 545 3048 cossim
564 2991 816 3047 denunciationem
830 2996 949 3047 senatus
965 2987 1004 3044 ab
1024 3007 1057 3045 eo
1074 2990 1186 3047 occisus
1203 2998 1257 3047 est.
1302 2989 1348 3047 Ob
1361 2989 1416 3048 hoc

359 3071 421 3146 ipsi
452 3066 609 3144 lupurtha
641 3067 747 3126 bellum
777 3069 945 3126 indictum:
976 3067 1067 3144 idque
1095 3067 1275 3143 Calpurnius
1308 3067 1417 3126 Bestia

360 3145 464 3204 consid
480 3159 584 3222 perere
598 3146 714 3225 jussus,
738 3165 842 3224 pacem
863 3163 927 3203 cum
950 3143 1105 3220 Jupurtho
1124 3145 1238 3221 injussu
1255 3145 1363 3224 populi
1385 3157 1417 3204 et

361 3233 480 3282 serratus
491 3224 582 3300 feeit.
624 3224 789 3302 luponio,
801 3225 868 3301 fide
885 3222 1009 3301 publica
1029 3231 1166 3281 euocatus
1186 3224 1228 3282 ad
1241 3225 1416 3284 iudicandos

360 3309 497 3360 auctores
520 3301 706 3361 consiliorum
731 3321 858 3373 suorum²
882 3301 961 3380 quod
984 3300 1091 3359 multos
1108 3303 1237 3378 pecunia
1258 3304 1417 3360 instratu

360 3381 530 3458 ooarsspisse
543 3381 708 3450 dicebatur,
724 3381 846 3438 Romam
858 3381 937 3436 veuit
950 3396 959 3435 :
984 3387 1024 3449 et,
1036 3388 1161 3456 propter
1172 3381 1288 3450 cadem,
1301 3383 1415 3440 admis-

361 3477 424 3518 sam
437 3461 468 3515 ¹iu
482 3478 513 3516 re
535 3459 614 3516 ulum
627 3461 790 3538 quemdam,
804 3459 916 3515 nomine
929 3456 1104 3528 Massivam,
1118 3455 1139 3492 ⁰³
1148 3460 1202 3537 qui
1213 3477 1337 3536 reprom
1350 3461 1416 3536 ejus

357 3537 469 3614 populo
526 3557 626 3596 omouo
651 3539 740 3595 invisi
762 3534 947 3610 adfectabat,
974 3535 1073 3593 Roma
1095 3537 1295 3611 intersectum,
1323 3557 1414 3614 quum

358 3615 596 3690 periclitaretur,
610 3633 745 3674 caussam
758 3615 867 3691 capitis
880 3616 978 3671 dicere
983 3616 1098 3690 jussus,
1113 3615 1189 3672 clam
1199 3614 1350 3693 proserpit,
1370 3623 1411 3683 et,

360 3696 464 3752 cedens
478 3693 558 3762 urbe,
572 3694 680 3770 fertur
704 3694 832 3750 dixisse:
861 3693 890 3749 Ο
905 3695 1001 3750 urbem
1021 3693 1157 3762 venalem,
1176 3703 1204 3749 et
1225 3695 1282 3750 cito
1305 3692 1413 3769 peritu-

361 3791 431 3840 ram,
449 3773 472 3829 si
496 3781 627 3829 oratorem
650 3769 858 3828 Inveneritl'A
881 3771 1050 3828 Postumius
1073 3770 1190 3848 lepatus
1212 3768 1234 3803 ⁸⁴
1247 3770 1415 3846 infeliciter

357 3850 463 3925 proelio
475 3851 617 3908 adversus
631 3848 814 3926 lupurtham
825 3857 908 3925 pesto
919 3867 1023 3927 pacem
1035 3868 1150 3928 quoque
1162 3849 1275 3926 adjecit
1288 3850 1414 3924 iprwmi·

360 3929 482 4000 uiosom,
496 3947 584 4006 quam
597 3947 652 3984 mon
666 3945 727 3984 esse
742 3928 917 3985 servandam
930 3935 1049 3986 senatus
1063 3926 1185 3986 cemuit.

392 4101 555 4154 “Isaram
565 4107 678 4154 restitutus
688 4103 727 4165 est]
749 4103 868 4153 Sicedffrt
900 4103 1042 4152 substituunt
1068 4101 1201 4164 affectabat:
1228 4105 1288 4167 quod
1315 4103 1412 4150 verbum

357 4163 489 4216 Gmnosisss
514 4185 543 4216 ex
571 4169 655 4232 aliquos
685 4171 758 4217 MSS.
788 4169 868 4232 quibus
900 4171 969 4230 magis
995 4168 1205 4234 ropriumridetur.
1384 4159 1391 4175 ’

369 4234 480 4282 mutirus
491 4233 629 4300 Campanus.
655 4234 733 4296 Vulgo
748 4237 787 4297 qui
805 4253 820 4282 a
835 4241 867 4283 u.
931 4233 954 4267 ⁸⁴
972 4186 1095 4297 hesitiriter
1114 4236 1207 4294 prusia.
1221 4268 1227 4282 .
1241 4269 1246 4280 .
1261 4241 1322 4297 gesso
1335 4247 1414 4294 prum

357 4307 422 4346 uisu
898 4314 980 4361 quoque
989 4299 1080 4364 drlp'erit]
1096 4299 1135 4346 Sit
1145 4300 1192 4360 legi
1207 4298 1278 4362 jussit
1297 4298 1419 4359 Sigonlus,

390 4359 413 4395 ⁸³
439 4357 484 4416 Qui
616 4365 662 4423 <liu
680 4398 708 4412 ..
726 4365 868 4428 .appetrbot]
897 4364 934 4410 cui
950 4365 1072 4412 assentitur
1090 4363 1203 4411 Pitboeus.
1235 4362 1346 4424 Plerique
1361 4365 1416 4411 libri

357 4425 453 4490 Aliquos
476 4423 521 4474 MS
570 4426 688 4477 Gronado
710 4430 817 4492 inspecsI,
843 4442 868 4477 et
899 4428 1415 4492 interrbgutoespocrmisssenmtverbum

355 4489 461 4540 Pithoni
473 4490 532 4554 spui
546 4491 676 4564 liesrniun
696 4509 738 4558 pro
756 4494 870 4554 appetunt
898 4493 1003 4552 amtlirit,
1012 4496 1072 4556 quod
1082 4494 1149 4558 plone
1157 4495 1256 4543 otiosum
1264 4503 1309 4543 en.
