3184 5225
494 392 573 453 lna.
587 392 697 455 XLIV.
722 392 806 455 CAP.
819 395 859 454 11.
1147 402 1203 456 121

160 550 200 615 ad
223 547 470 613 exercitum**.
527 546 635 613 Paucis
663 562 736 633 post
757 550 863 613 diebus
891 549 996 611 consul
1026 550 1203 612 concionem
1215 560 1362 612 uesta.

160 638 241 722 apud
267 634 380 697 milites
402 634 520 697 habuit.
543 656 628 697 orsus
652 657 672 697 a
695 635 880 719 ⁷parricidio
905 635 1006 698 Persei
1032 648 1205 720 perpetrato
1216 628 1290 679 Μ·
1303 625 1360 678 ¹⁹⁶·

162 725 194 785 in
211 723 345 800 fratrem,
357 721 493 803 cogitato
509 721 541 782 in
559 733 728 805 parentem,
743 720 891 803 ‘adjecit
906 724 997 805 ‘post
1011 722 1122 783 scelere
1134 744 1204 805 par·

162 806 416 889 ‘tum''regnum,
431 806 587 886 venalicia,
609 809 716 886 caedes,
739 807 901 871 latrocinio
921 806 1054 870 nefando
1076 809 1207 890 petitum

162 892 368 972 ‘Formenem
389 890 514 975 injurias
537 894 569 955 in
592 894 739 978 populum
755 892 940 974 Romanurn,
956 893 1141 975 direptiones
1157 916 1207 956 so·

163 980 303 1043 ‘ciarum
325 979 444 1041 urbium
467 988 575 1041 contra
594 978 703 1057 foedus,
719 1001 757 1041 ea
780 980 884 1042 omnia
899 1000 990 1060 quam
1004 977 1072 1041 Diis
1087 1000 1208 1061 quoquc

164 1067 284 1128 ‘invisa
305 1078 417 1143 essent,
440 1086 597 1127 sensurum
619 1066 650 1128 in
672 1064 757 1127 exitu
783 1086 883 1127 rerum
909 1086 1040 1128 suanum.
1097 1064 1209 1127 Favere

162 1153 271 1214 ‘enirn
297 1152 404 1235 pietati
428 1150 557 1232 fideique
580 1148 677 1229 Deos,
692 1172 747 1235 per
764 1170 833 1233 „quar
848 1152 977 1234 populus
992 1149 1150 1213 Romanus
1168 1151 1209 1213 ad

164 1238 176 1271 ‘
191 1248 311 1303 tantum
327 1237 440 1319 fastigii
455 1236 591 1299 venerit!
640 1236 728 1299 Vires
744 1238 855 1299 deinde
869 1238 973 1320 populi
988 1236 1131 1315 Romani,
1141 1237 1208 1318 jam

163 1341 313 1387 terrarum
335 1326 440 1385 orbern
461 1323 705 1405 complectentis,
721 1344 790 1385 curn
813 1324 924 1384 viribus
938 1320 1137 1399 Macedonis,
1153 1342 1208 1383 ex·

165 1410 277 1473 ercitus
292 1430 362 1473 cum
378 1410 560 1472 exercitibus
576 1410 774 1493 comparavit.
826 1409 976 1480 ‘Quanto
990 1407 1120 1490 majores
1136 1406 1208 1469 Phi·

163 1498 176 1531 ‘
191 1496 266 1579 lippi
281 1496 486 1577 Antiochique
501 1516 575 1577 opes
589 1516 652 1558 non
667 1494 833 1578 majoribus
848 1496 943 1578 copiis
959 1492 1070 1557 fractas
1085 1490 1187 1559 esscl’

210 1580 250 1644 ll.
272 1580 371 1664 Hujus
395 1582 515 1664 generis
539 1582 753 1645 adhortatione
776 1582 912 1644 accensis
932 1581 1062 1643 militurn
1088 1581 1209 1659 animis,

168 1668 338 1731 consultare
356 1668 394 1729 de
409 1686 528 1729 summa
548 1668 672 1749 gerendi
691 1667 760 1730 belli
777 1668 879 1753 coepit.
937 1666 984 1730 Eo
1009 1678 1042 1728 et
1065 1664 1101 1729 C.
1121 1665 1208 1727 Mar·
1379 1696 1383 1724 ι

167 1756 232 1817 cius
247 1766 355 1837 praetor
377 1752 569 1832 aChulcide‚
585 1754 680 1815 classe
697 1766 837 1837 accepta,
853 1756 946 1817 venit.
1004 1752 1131 1832 Placuit,
1146 1772 1209 1814 non

165 1840 247 1903 ultra
271 1840 420 1903 morando
446 1839 477 1900 in
498 1836 658 1900 ‘lhessalia
680 1849 801 1920 tempus
823 1850 929 1917 terere,
945 1840 999 1901 sed
1014 1858 1133 1901 movere
1154 1860 1209 1901 ex·

164 1915 305 2008 templo·
319 1940 429 2003 castra,
444 1937 535 2005 atque
552 1943 677 2008 pergere
692 1924 763 1985 inde
779 1924 810 1983 in
827 1922 1060 1987 Macedoniamr
1085 1940 1117 1989 et
1132 1947 1209 2008 pne·
1222 1942 1278 1991 cor.
1289 1941 1378 1990 inMs·
1410 1936 1415 1945 ‘

164 2024 264 2075 torem
280 2012 352 2075 dare
371 2030 507 2095 operam,
522 2022 557 2071 ut
574 2009 689 2073 eodem
712 2021 850 2093 tempore
873 2011 976 2071 classis
990 2032 1111 2093 quoque
1126 2012 1209 2072 inve·
1222 2006 1339 2081 ⁶²⁶⁰⁰l³¹3¹

164 2099 257 2160 hatur
282 2099 415 2161 hostium
439 2096 588 2159 litoribus.
648 2094 779 2157 Praetore
804 2095 939 2175 dimisso,
961 2098 1078 2174 consul,
1098 2072 1351 2158 'mmmmm‘

163 2194 284 2246 struum
303 2183 388 2267 juano
403 2184 501 2246 milite
518 2203 621 2244 secum
636 2180 723 2260 l'erre,
738 2180 892 2264 proiectus
913 2183 1035 2244 decimo
1057 2195 1127 2265 post
1151 2184 1211 2262 die,
1235 2256 1242 2273 .

164 2290 261 2351 quam
291 2271 460 2332 exercitum
493 2280 663 2351 acceperat,
690 2280 790 2330 castra
820 2268 934 2329 movit:
965 2279 1007 2346 et,
1032 2269 1122 2330 unius
1152 2269 1212 2330 diei

159 2376 343 2439 progressus
363 2356 433 2433 iter,
448 2355 623 2417 convocatis
642 2354 785 2417 itinerum
806 2354 942 2433 ducibus,
958 2357 985 2395 ¹⁰
997 2375 1102 2436 quum,
1115 2376 1210 2438 expo-

161 2451 279 2504 nerent
307 2441 338 2502 in
369 2440 506 2517 consilio,
528 2437 677 2521 jussisset,
696 2441 908 2522 qua·quisque
938 2441 1082 2501 ducturus
1112 2454 1211 2519 esset3

161 2526 320 2589 submotis
346 2526 394 2604 iis,
416 2528 438 2564 ¹¹
452 2544 542 2609 quam
564 2526 754 2607 potissimum
777 2538 906 2608 peteret,
921 2526 1023 2586 retulit
1048 2526 1087 2587 ad
1111 2526 1211 2587 consi·

161 2613 254 2676 lium.
313 2612 391 2674 Aliis
413 2631 467 2694 per
494 2610 634 2695 Pythium
657 2610 798 2695 placebat
819 2613 887 2672 via:
918 2610 984 2674 aliis
1005 2634 1060 2694 per
1076 2607 1212 2673 Cambu-

164 2699 235 2760 nios
265 2709 396 2776 montes,
422 2717 482 2778 qua
510 2697 609 2779 priore
640 2716 720 2759 anno
751 2697 880 2759 duxerat
904 2696 1054 2760 Hostilius
1083 2699 1210 2760 consul:

167 2783 234 2846 aliis
265 2793 372 2866 praeter
396 2781 576 2844 Ascuridem
600 2783 752 2866 paludem.
810 2782 959 2847 Restabat
984 2787 1011 2823 ¹²
1022 2784 1212 2865 aliquantum

166 2871 223 2931 viae
246 2868 434 2932 communis:
466 2869 568 2950 itaque
594 2869 625 2930 in
652 2868 684 2930 id
710 2881 839 2952 tempus,
861 2890 922 2951 ¹quo
936 2890 1031 2953 prope
1051 2871 1213 2932 divortium

172 2955 316 3017 itinerum
338 2967 441 3018 castra
461 2954 589 3037 posituri
613 2965 712 3034 erant,'
726 2955 902 3017 deliberatio
923 2955 989 3039 ejus
1008 2957 1051 3017 rei
1067 2956 1212 3018 differtur.

169 3041 202 3102 in
226 3040 426 3103 Parrhaebiam
456 3040 527 3102 inde
553 3040 650 3118 ducit,
679 3051 710 3103 ct
739 3042 818 3103 inter
840 3042 974 3104 Azorum
1004 3055 1036 3106 et
1061 3041 1213 3105 Dolichen

170 3122 416 3189 stativa'habuit
443 3127 482 3188 ad
511 3127 869 3206 consulendum'rursus,
899 3149 990 3210 quam
1020 3129 1213 3210 potissimum

173 3225 343 3292 capesseret
363 3213 453 3274 viam.
511 3211 569 3274 Per
592 3212 716 3274 eosdem
736 3213 801 3274 dies
827 3211 962 3292 Perseus,
987 3234 1080 3294 quum
1101 3214 1214 3294 adpro·

175 3296 319 3380 pinquare
339 3298 457 3362 hostem
480 3299 582 3377 sciret,
606 3299 689 3380 quod
711 3299 768 3360 iter
792 3300 943 3380 petiturus
972 3309 1053 3359 essct
1082 3299 1214 3377 ignanrs,

174 3401 282 3443 omnes
302 3382 393 3446 saltus
413 3385 544 3448 insidere
560 3383 705 3468 praesidiis
728 3384 845 3446 statuit.
900 3383 935 3444 lu
955 3381 1064 3465 jugum
1080 3381 1214 3445 Cambu-
1226 3405 1324 3457 pm.
1333 3405 1384 3455 roi·

1228 3488 1266 3523 tus
1275 3489 1346 3523 occu-

566 3532 578 3556 ·
589 3531 691 3594 extmplo
701 3530 746 3580 del.
758 3531 830 3580 Cree.
1228 3551 1275 3604 pn,

200 3659 512 3728 ⁷Porricidio...oogltoto
521 3665 546 3712 in
555 3661 677 3728 pertuterit]
706 3677 793 3726 ponere.
827 3660 934 3724 lneuige
943 3677 985 3723 cor,
1001 3663 1024 3710 id
1040 3653 1163 3722 'conducet
1180 3664 1217 3712 iti·

170 3725 237 3776 Nihil
248 3741 275 3774 ee
285 3727 314 3774 de
325 3741 350 3775 re
362 3738 430 3775 antee
439 3729 572 3776 memorauit
584 3727 669 3776 Livius.
708 3743 797 3776 nerum.

202 3791 376 3852 andjecnfflr
389 3793 565 3854 melerepnrtum
575 3808 677 3856 reguum,
744 3793 763 3825 ¹¹
777 3790 1090 3854 Qmpotbrr'rnuerpeteret]
1116 3793 1219 3852 Sigonius

171 3853 285 3919 eandida]
311 3855 405 3918 Adjecit
415 3858 495 3906 consul
506 3857 624 3916 veneficia,
633 3873 678 3905 ce·
711 3859 837 3921 ruepicatur
852 3859 964 3906 exciditne
982 3860 1047 3906 oium.
1089 3856 1219 3906 Gronovius

173 3921 223 3974 der,
236 3917 325 3981 aliaque
341 3919 440 3968 facinore
456 3935 576 3970 conreeuta
591 3921 678 3970 scelere
711 3921 825 3971 existimet
841 3922 930 3971 livium
946 3921 1044 3970 voluisse
1059 3921 1122 3970 illurn
1138 3937 1219 3970 rocem

173 3983 383 4046 panruuaPerreo
394 4000 498 4046 regnum.
529 3985 680 4050 Vulgoeliter
710 3987 759 4036 huc
781 3987 929 4048 intelligendo
947 3989 1028 4035 referri
1049 4003 1077 4036 er
1100 3989 1219 4050 sequenti·

173 4046 319 4106 distinguitur
329 4048 457 4098 hiclocue:
479 4051 678 4114 comemm-
713 4053 764 4109 bus,
772 4051 1135 4116 oliirperl’ythiumplocehrtcia.
1163 4053 1219 4100 Ma-

172 4111 216 4160 lm
229 4119 321 4172 pernam
336 4129 361 4161 re
432 4114 559 4176 ,amttam
592 4115 679 4164 Nostra
710 4117 787 4166 lumua
808 4117 869 4165 illem
889 4128 995 4180 reperere
1016 4133 1045 4164 ex
1066 4117 1216 4181 proecedenri·
1319 4131 1323 4138 ⁵

173 4176 327 4240 interpunctio
347 4193 360 4225 e
383 4179 509 4240 pauciorem
534 4179 606 4230 efficit
625 4195 679 4230 een·
712 4183 763 4256 hur,
781 4199 835 4247 qua,
850 4197 933 4246 nempe
949 4182 992 4240 via,
1007 4183 1095 4246 qubpue
1111 4185 1221 4231 ducturus

174 4255 232 4291 rum.
712 4257 770 4296 mr.

203 4305 379 4371 ’bleranam
407 4307 550 4360 cornorum
571 4321 681 4376 qnantum
749 4313 769 4344 ¹²
783 4311 928 4374 Aliquantum
948 4314 988 4361 nr'ae
1007 4313 1137 4374 eommumr]
1165 4312 1218 4359 Ali-

174 4367 199 4416 in
209 4383 311 4418 mensem
323 4375 378 4420 satie
388 4387 456 4424 erret.
715 4387 825 4439 quantum
839 4377 890 4436 viee,
901 4393 953 4440 qua
963 4378 1047 4440 pariter
1061 4379 1089 4426 ed
1102 4377 1220 4441 Pythium,

210 4433 232 4466 ¹⁰
243 4432 316 4487 Quum
332 4449 460 4498 exponerent
481 4442 506 4487 in
526 4441 613 4490 consilio
626 4443 681 4503 jur·
714 4441 742 4489 ed
763 4441 903 4492 Cambunios
921 4455 1019 4504 montes,
1038 4443 1066 4492 ed
1082 4443 1219 4492 Ascuridem

175 4497 245 4564 duct]
266 4499 355 4552 Merito
367 4502 497 4554 &moin
508 4504 552 4568 legi
566 4505 634 4574 jubet
646 4521 682 4554 ee·
715 4505 821 4574 paludem
832 4507 935 4559 duceret.
