3184 5225
688 290 690 293 ⁵
786 336 988 411 ¹sm‘rouu

795 561 1009 649 LXXXIV.

421 716 508 775 Sulla
519 714 637 792 leputis,
652 716 704 794 qui
717 735 737 773 a
750 724 855 775 senatu
868 717 951 775 missi
963 722 1060 785 mant,
1073 712 1264 790 futurumst·
1278 718 1310 774 in
1329 726 1431 796 potes·

384 804 446 853 tate
460 802 578 853 senatus
593 795 754 872 respondit,
769 796 795 853 si
810 796 965 931 οἱυἪκὶ
975 793 1058 872 pulsi
1071 813 1091 851 a
1107 793 1202 852 Cinna
1213 797 1256 853 ad
1274 815 1305 853 se
1325 798 1430 871 consu-

380 881 498 949 qerant,
519 872 756 931 restituerentur.
776 892 840 951 qua
854 892 886 932 co
928 873 982 930 itio
995 890 1083 950 quum
1096 870 1187 947 justa
1209 875 1327 933 senatui
1347 876 1430 936 uide-

383 960 477 1022 retur,
498 970 555 1029 per
583 948 742 1008 Carbonem
757 952 981 1029 factionemque
1002 950 1075 1026 ejus,
1089 952 1139 1008 cui
1152 950 1259 1009 bellum
1272 951 1431 1011 uidebatur

382 1029 499 1099 utilius,
520 1048 555 1086 ne
582 1030 758 1099 conueniret,
782 1030 919 1107 effectum
939 1037 993 1087 est.
1043 1028 1126 1086 Idem
1151 1028 1255 1100 Carbo,
1278 1050 1367 1108 quum
1389 1030 1429 1089 ab

383 1107 513 1173 omnibus
537 1107 654 1185 oppidis
679 1107 778 1165 Italia
801 1108 979 1186 coloniisque
1001 1106 1115 1165 obsides
1137 1109 1250 1184 eripere
1270 1109 1369 1179 uellet,
1391 1117 1428 1167 ut

372 1187 469 1262 fidem
482 1204 580 1244 eorum
601 1193 703 1244 contra
722 1185 836 1244 Sullam
856 1186 1013 1261 obliqaret,
1035 1203 1173 1253 consensu
1189 1194 1304 1245 sensatus
1319 1186 1426 1264 probi-

383 1263 462 1323 bitus
486 1272 539 1323 cst.
579 1260 704 1323 ”Nouis
728 1263 841 1323 ciuibus
865 1263 1115 1324 senatusconsulto
1132 1265 1308 1341 suffraqium
1324 1268 1429 1323 datum

381 1350 435 1400 cst.
475 1343 510 1411 Q.
535 1340 676 1399 Metellus
700 1342 787 1412 Pius,
812 1342 865 1420 qui
887 1351 992 1420 partes
1054 1343 1202 1400 tinsatium
1221 1351 1337 1402 secutus
1349 1352 1429 1413 erat,

380 1439 469 1499 quum
482 1422 513 1477 in
527 1419 636 1495 Africa
657 1419 764 1478 bellum
777 1420 942 1490 moliretur,
966 1440 986 1477 a
1036 1463 1043 1477 .
1066 1418 1161 1479 Fabio
1202 1428 1305 1479 raetorc
1324 1421 1431 1499 pulsus

380 1507 445 1557 est:
467 1505 643 1577 senatusque
666 1499 830 1558 consultum
846 1517 902 1576 per
916 1496 1085 1574 'factionem
1110 1440 1251 1557 earlbnis
1263 1507 1294 1556 et
1308 1498 1430 1558 Maria·

379 1595 485 1634 narum
494 1577 630 1655 portium
644 1578 766 1654 suctum
783 1585 839 1646 est,
861 1585 896 1635 ut
908 1595 1003 1635 omnes
1016 1575 1124 1653 ubique
1137 1578 1283 1635 exercitus
1296 1577 1429 1636 dimitte·

379 1663 492 1715 rentur.
532 1653 680 1713 Libertini
700 1657 731 1713 in
744 1655 873 1734 quinque
885 1661 916 1712 et
930 1656 1058 1732 triqintn
1072 1654 1167 1714 tribus
1180 1655 1337 1714 distributi
1349 1663 1429 1715 sunt.

380 1733 533 1792 Preterca
555 1732 626 1793 belli
649 1736 840 1813 adparatum,
860 1734 939 1812 quod
955 1741 1065 1793 ‚contra
1089 1732 1205 1794 Sullam
1222 1733 1426 1811 ,excitabatuss

380 1812 517 1873 continet.
772 1852 774 1861 ι

601 1926 636 1943 ..θ’

809 2002 1004 2081 LXXXV.

419 2155 505 2215 Sulla
519 2157 550 2215 in
564 2154 687 2214 Italiam
699 2171 764 2211 cum
784 2156 917 2213 exercitu
941 2155 1072 2232 trajecit,
1095 2162 1116 2195 ¹¹
1131 2156 1284 2236 missisque
1305 2156 1424 2234 leqatis,

399 2236 432 2291 ui
452 2236 489 2293 de
505 2254 580 2313 pace
601 2240 732 2311 opereat,
756 2252 777 2289 a
797 2233 914 2292 consule
939 2234 972 2290 0.
992 2233 1132 2293 Norbano
1145 2235 1277 2307 violatis,
1296 2236 1427 2293 eumdem

378 2254 551 2373 blorbonum
570 2313 676 2392 proelio
699 2311 780 2369 vicit.
800 2362 804 2374 ,.
822 2312 865 2369 Et
889 2332 978 2391 quum
999 2312 1034 2370 L.
1060 2312 1205 2390 Scipionis
1217 2314 1344 2371 alterius
1358 2332 1426 2373 con·

378 2391 548 2459 sulisscum
570 2410 628 2469 quo
650 2410 703 2469 per
726 2390 823 2446 omnia
845 2391 879 2447 id
901 2398 1012 2469 eqerat,
1035 2400 1070 2448 ut
1087 2410 1190 2468 pacem
1199 2393 1353 2468 junqeret,
1373 2412 1428 2451 nec

373 2478 526 2546 potuerat,
540 2477 642 2527 castra
655 2467 877 2545 obpuqnoturus
891 2478 976 2537 esset,
990 2470 1143 2528 universus
1159 2472 1305 2529 exercitus
1323 2490 1427 2531 consu·
1456 2468 1459 2471 ⁴

380 2548 428 2618 lis,
449 2547 629 2605 sollicitatus
650 2565 705 2625 per
727 2547 844 2605 emissos
867 2568 888 2605 a
910 2547 997 2605 Sulla
1017 2548 1136 2618 milites,
1159 2549 1244 2625 siqua
1257 2550 1300 2606 ad
1311 2547 1429 2609 Sullam

379 2626 545 2684 transtulit.
598 2625 706 2702 Scipio,
733 2643 822 2701 quum
852 2627 947 2684 occidi
969 2635 1079 2704 posset,
1102 2627 1239 2686 dimissus
1262 2636 1314 2686 est.
1372 2630 1426 2687 On.

378 2703 548 2780 Pompeius,
567 2703 619 2762 Gn.
634 2703 670 2760 F.
685 2700 760 2778 ejus,
775 2703 829 2780 qui
846 2703 989 2764 Asculum
1002 2724 1017 2762 c
1071 2713 1130 2775 rat,
1144 2706 1311 2784 conscripto
1323 2706 1426 2765 uolun-

378 2782 524 2840 tariorum
546 2783 687 2854 exercitu,
710 2799 775 2838 cum
799 2779 893 2840 tribus
915 2724 1077 2858 leqionbblls
1097 2784 1139 2841 ad
1159 2781 1273 2842 Sullam
1285 2794 1427 2850 venunt,-

376 2859 418 2916 ad
430 2877 514 2937 quem
527 2878 557 2918 se
566 2860 708 2918 nobilitas
722 2859 814 2917 omnis
826 2859 1007 2935 conserebat,
1031 2862 1078 2919 ita
1100 2869 1136 2919 ut
1158 2862 1277 2921 deserta
1296 2862 1370 2920 urbe
1384 2865 1427 2921 ad

376 2946 477 2997 castra
502 2939 662 2997 veniretur.
710 2937 864 2997 Praetereu
885 2939 1084 3017 expeditiones
1102 2958 1163 3018 per·
1183 2949 1276 3000 totam
1299 2941 1426 3002 Italiam

376 3018 532 3096 utriusque
540 3018 642 3097 portis
655 3018 761 3076 ducum
773 3015 957 3091 reseruntur.

801 3262 1014 3342 LXXXVI.

422 3419 517 3486 Quum
534 3415 567 3474 C.
582 3413 713 3484 Marius,
731 3413 764 3472 0.
780 3412 879 3472 Marii
892 3415 994 3490 filius,
1008 3415 1110 3475 consul
1126 3425 1197 3476 ante
1209 3437 1301 3478 annos
1318 3421 1432 3496 uiqinti

373 3515 430 3576 per
443 3497 501 3555 vim
514 3502 631 3554 creatus
644 3501 729 3564 essct,
748 3492 781 3552 C.
795 3492 909 3554 Fabius
933 3496 964 3552 ia
985 3495 1096 3570 Africo
1114 3505 1239 3576 propter
1258 3499 1431 3557 crudelia.

408 3681 432 3716 ⁸⁰
447 3678 601 3729 Nouiseiutbsu
609 3675 790 3727 ursatsuooamlto
799 3674 881 3742 suffro-
912 3688 972 3741 rent,
983 3697 998 3726 a
1007 3680 1093 3728 oonmle
1104 3677 1133 3730 C.
1144 3677 1247 3730 Norbano
1256 3677 1350 3745 oiohtis]
1365 3679 1424 3728 Sm-

373 3750 437 3813 ginm
452 3747 530 3794 datum
547 3743 588 3806 ess]
605 3742 654 3791 Hic
670 3741 775 3806 protecto
796 3742 881 3803 aliquid
912 3743 1016 3806 tulimus,
1033 3756 1128 3794 auctore
1138 3745 1267 3811 compano,
1285 3746 1421 3810 primulum

375 3810 479 3874 possuit
489 3809 526 3858 rel
533 3807 675 3857 librariorum
687 3821 774 3864 mensu,
784 3807 881 3870 velique
911 3816 934 3856 et
950 3821 1005 3857 onte
1020 3811 1141 3860 nimuh.
1172 3811 1258 3860 &m
1276 3813 1359 3876 quippe
1370 3823 1425 3860 cst:

375 3879 488 3942 epitomes
494 3885 582 3924 mesot.
614 3872 678 3920 lulis
688 3870 750 3919 caim
759 3885 813 3920 cam
824 3873 882 3920 civi·
914 3871 995 3933 legatia
1007 3875 1046 3938 qut
1057 3890 1070 3922 ι
1081 3873 1146 3939 Syth
1156 3877 1218 3926 mini
1228 3887 1322 3934 cemma
1330 3877 1427 3927 coamle

374 3953 426 3992 tote
444 3944 484 4006 jus
503 3951 593 4004 quoquc
613 3937 726 4012 suffragii·
737 3937 815 3984 mcum
832 3953 882 3986 use
914 3938 1011 3989 violetis.
1024 3939 1115 4018 'olm
1125 3940 1165 4017 bip
1172 3943 1302 4019 ctnmjuor'u
1312 3943 1426 4022 momenti

375 4001 882 4131 westsexenses:
913 4005 1426 4120 ...mm

375 4136 440 4182 buno
450 4134 522 4198 plebis
532 4132 635 4197 Sulpicio
645 4133 787 4190 institutum.
803 4147 882 4180 mon
912 4133 965 4182 bone
973 4144 996 4182 st
1006 4134 1034 4184 c.
1047 4132 1164 4185 Norbano:
1187 4137 1249 4199 quod
1258 4146 1340 4186 coam
1349 4137 1423 4185 bino-

376 4200 441 4249 Suu·
457 4198 576 4246 tainum
594 4198 678 4256 fuerat,
692 4208 841 4277 renovaretur
856 4208 882 4275 qt
912 4198 953 4246 rioe
973 4199 1044 4249 fideus
1062 4212 1119 4249 emt.
1160 4200 1246 4278 Neque
1264 4202 1329 4279 euim⁸
1346 4202 1424 4251 corbo

375 4263 882 4394 &extimassem
911 4262 1426 4394 tumulentus..

373 4409 425 4497 ¹¹¹2.
444 4459 508 4512 uss
567 4459 589 4507 u
618 4461 646 4510 n
705 4461 736 4512 u
847 4416 877 4506 ¹.
909 4395 1121 4519 'btffifflud’
1135 4395 1314 4515 bucb'bm'
1328 4399 1424 4464 ‘'nih‘'

507 4473 865 4528 squngo,qsuspuceoge
959 4478 975 4511 o
1103 4480 1129 4516 n.
1241 4497 1248 4513 .
