3184 5225
378 363 416 420 tt
786 355 871 414 urrt
893 355 1007 426 Livii,

138 554 141 560 ,
211 514 244 564 u.
254 512 285 567 c.
295 517 354 571 ssu.
377 513 389 550 ‘
403 535 511 598 parare
521 511 667 577 Romanis
683 511 819 572 bellum:
843 521 874 573 et
886 511 1165 595 specielegatorum
1179 507 1297 596 lllyrios
1312 533 1425 596 specu·

211 579 284 631 Μ·
296 583 349 635 ¹⁷²·
377 601 514 664 ‘latores
529 599 641 676 Ιῖοῐιιιιει
649 617 725 674 esse,
742 594 852 658 Perseu
874 609 997 658 auctore
1012 597 1130 674 missos,
1151 610 1196 675 ut,
1217 598 1290 681 quid
1315 607 1422 681 agere-

378 688 390 724 ⁶
404 699 463 764 tur,
478 682 609 746 scirent!
643 681 736 766 Illyrii
750 683 850 744 vocati
866 683 898 743 in
911 695 1063 744 senatum.
1080 683 1129 764 qiii
1146 703 1239 765 quum
1255 684 1373 766 legatos
1389 691 1422 747 s'e

378 793 444 835 esse
457 770 563 831 missos
584 769 625 829 ab
640 788 711 849 rege
727 768 863 830 dicerent
879 769 919 830 ad
934 761 1091 852 purganda
1105 769 1242 847 crimina,
1266 771 1291 830 si
1306 791 1368 850 qua
1383 770 1425 832 de

378 877 448 938 rege
463 853 595 916 Issenses
610 853 782 930 deferrent3
817 855 983 934 quesitum,
999 853 1109 934 ecquid
1135 855 1179 916 ita
1199 876 1262 916 non
1288 856 1426 918 adissent

376 940 599 1021 magistratum,
610 952 646 1003 ut
660 961 700 1001 ex
709 941 849 1003 instituto
865 941 944 1018 loca,
956 940 1059 1017 lautia,
1073 941 1270 1022 acciperent?
1293 942 1424 1004 sciretur

378 1026 508 1106 denique
522 1026 639 1087 uenisse
654 1046 718 1102 eos,
733 1036 766 1087 et
780 1045 871 1108 super
886 1047 945 1107 qua
959 1048 990 1088 re
1004 1026 1176 1087 venissent?
1201 1024 1423 1090 Haesitaiitibus

376 1111 409 1172 in
424 1132 581 1193 responso,
600 1123 636 1173 ut
650 1112 734 1172 curia
748 1112 939 1188 excederent,
962 1112 1087 1173 dictum.
1131 1110 1319 1194 Responsum
1337 1123 1421 1174 tam-

377 1215 469 1276 quam
484 1198 604 1278 legatis,
627 1199 655 1235 ⁸³
666 1208 701 1258 ut
715 1197 765 1277 qui
780 1197 865 1259 adire
880 1207 1017 1259 senatum
1041 1218 1102 1259 non
1117 1198 1331 1279 postulassent,
1354 1197 1422 1258 dari

247 1357 252 1364 .
376 1301 440 1347 non
453 1283 589 1364 placuitr
612 1283 838 1362 mittendosque
854 1284 894 1344 ad
909 1303 1011 1364 regem
1027 1284 1144 1364 legatos
1160 1295 1352 1360 censuerunt,
1368 1284 1420 1363 qi‘ii

303 1393 307 1402 ¹
376 1368 567 1445 nunciarent,
582 1370 608 1406 ⁰³
619 1369 709 1449 ‘qui‘
723 1368 798 1430 socii
811 1379 1004 1449 quererentur
1020 1368 1100 1451 apud
1113 1381 1262 1445 senatum,
1278 1379 1420 1430 exustum

377 1452 388 1485 ‘
403 1473 422 1512 a
435 1473 507 1534 rege
521 1475 638 1535 agrum.
652 1474 716 1515 non
726 1475 843 1536 aequuin
860 1476 929 1516 euin
943 1454 1054 1532 facere,
1066 1454 1116 1535 qui
1132 1454 1171 1515 ab
1180 1455 1269 1516 sociis
1279 1455 1342 1515 suis
1356 1475 1420 1515 nori

376 1538 389 1572 ‘
404 1539 568 1601 abstineret
577 1537 738 1620 injuriam!
762 1538 798 1601 ln
808 1541 886 1601 lianc
899 1540 1094 1621 legationem,
1107 1541 1200 1616 missi,
1209 1539 1247 1600 A.
1256 1537 1420 1602 Terentius

377 1620 484 1703 Varro,
499 1624 535 1686 C.
550 1625 714 1701 Plaetorius,
736 1623 773 1686 C.
788 1625 950 1688 Cicereius.
993 1623 1042 1687 Ex
1056 1626 1140 1703 Asia,
1156 1625 1207 1706 qui
1223 1624 1306 1686 circa
1319 1625 1420 1686 socios

283 1717 290 1732 '
377 1729 464 1792 reges
479 1711 562 1771 missi
577 1722 675 1788 erant,
698 1711 790 1792 legati
806 1711 967 1788 redierunt,
981 1714 1031 1792 qui
1047 1711 1271 1788 renunciarunt,
1293 1711 1341 1749 ‘⁸‘
1356 1709 1419 1772 Ilu-

377 1798 524 1858 ‘manem
541 1797 571 1857 iii
588 1817 634 1874 ea,
656 1796 842 1858 Antiochum
859 1797 891 1858 iii
906 1794 1005 1879 Syria,
1029 1796 1219 1859 Ptolemaeum
1236 1797 1268 1857 iii
1283 1796 1418 1857 Alexan-

376 1881 469 1943 ‘dria
503 1888 570 1944 sese
606 1883 791 1949 conuenisse.
848 1882 964 1943 Omnes
1001 1884 1179 1945 sollicitatos
1216 1883 1420 1962 legationibus

376 1969 386 2003 ‘
402 1964 512 2045 Persei,
533 1969 587 2030 sed
601 1969 721 2049 egregie
736 1968 767 2027 iii
790 1967 850 2029 lide
865 1988 1052 2050 permanere,
1074 1967 1288 2049 pollicitosque
1304 1969 1418 2046 omnia,

375 2054 386 2087 ‘
402 2071 467 2134 qua
482 2054 612 2136 populus
636 2052 790 2114 Romanus
806 2055 993 2136 imperasset,
1013 2063 1213 2135 prestaturos.
1232 2065 1264 2115 et
1279 2054 1419 2116 civitates

374 2138 385 2170 ‘
400 2138 498 2199 socias
512 2139 632 2200 adisse:
656 2149 771 2200 ceteras
782 2140 857 2200 satis
872 2138 967 2216 fidas3
991 2138 1072 2201 solos
1083 2138 1219 2201 Rhodios
1234 2138 1418 2225 fluctuantes

374 2222 433 2285 ‘et
447 2224 579 2286 imbutos
595 2223 695 2285 Persei
714 2224 848 2285 consiliis
863 2223 1031 2286 invenisse.’
1076 2223 1229 2285 Venerant
1243 2222 1356 2286 Rhodii
1373 2225 1418 2285 le-

374 2309 438 2389 gati
455 2309 495 2370 ad
508 2309 667 2392 purganda
681 2329 728 2385 ea,
749 2329 816 2389 quae
829 2311 918 2391 vulgo
934 2308 1048 2390 'jactari
1065 2309 1103 2370 de
1118 2310 1239 2372 civitate
1254 2305 1416 2372 sciebant:

374 2406 509 2454 ceterum
534 2407 673 2455 senatum
688 2394 725 2454 iis
753 2395 829 2472 dari,
845 2415 937 2476 quum
952 2397 1021 2456 novi
1040 2395 1179 2456 consules
1203 2396 1417 2477 magistratum

377 2477 515 2554 inissent,
531 2479 656 2560 placuit.

416 2561 550 2624 XXVII.
587 2563 664 2625 Belli
694 2565 874 2648 adparatum
902 2586 964 2627 non
997 2565 1198 2629 differendum
1227 2578 1419 2630 censuerunt.

374 2646 411 2710 C.
441 2648 555 2711 licinio
580 2651 700 2733 pretori
728 2652 884 2733 negotium
911 2651 1011 2730 datur,
1026 2664 1061 2713 ut
1087 2674 1125 2727 eii
1150 2654 1301 2715 veteribus
1327 2654 1417 2733 quiri-

208 2745 337 2859 ntpmiu
374 2735 576 2813 queremibus‚
605 2736 637 2797 in
665 2736 820 2799 navalibus
856 2736 960 2799 Roma
989 2738 1156 2817 subductis,
1193 2760 1259 2820 quae
1295 2748 1436 2821 possent¹

209 2825 235 2859 ¹¹²
263 2826 335 2862 Μ·
374 2822 441 2883 usui
456 2842 532 2898 esse,
547 2821 693 2899 reliceret,
707 2832 887 2904 pararetque
909 2840 999 2883 naves
1014 2824 1245 2905 quinquaginta.
1289 2822 1322 2885 Si
1345 2822 1420 2905 quid

375 2908 499 2969 adeum
522 2928 681 2968 numerum
705 2908 888 2989 explendum
914 2908 1043 2986 deesset,
1067 2908 1103 2970 C.
1119 2908 1268 2971 Meminio
1294 2910 1419 2991 collegae

376 2993 407 3053 in
434 2990 571 3053 Siciliam
593 2993 749 3070 scriberet,
765 3006 800 3055 ut
826 3015 887 3071 eas,
913 3014 977 3075 quae
1001 2995 1032 3055 in
1058 2992 1277 3056 Sicilianaves
1303 3004 1416 3072 essent,

375 3077 515 3139 reficeret
529 3090 620 3159 atque
644 3079 811 3161 expediret,
827 3090 861 3140 ut
874 3078 1069 3141 Brundisium
1091 3080 1189 3162 primo
1204 3100 1321 3163 quoque
1337 3090 1418 3141 tem-

374 3184 448 3248 pore
469 3164 551 3225 mitti
565 3178 702 3245 possent.
746 3162 854 3226 Socios
880 3165 1001 3225 navales
1026 3165 1157 3227 libertini
1180 3166 1294 3227 ordinis
1320 3166 1420 3227 invi·

310 3312 313 3316 ,
373 3250 453 3331 ginti
483 3262 515 3311 et
552 3250 685 3330 quinque
712 3270 805 3311 naves
835 3270 873 3311 ex
901 3250 1014 3312 civibus
1045 3250 1189 3312 Romanis
1219 3250 1255 3312 C.
1281 3248 1418 3313 Licinius

320 3365 323 3372 ·
374 3347 485 3415 prator
498 3336 629 3396 scribere
640 3334 757 3416 jussus:
780 3336 813 3396 iii
826 3336 958 3417 quinque
971 3348 1003 3397 et
1016 3337 1123 3418 uiginti
1139 3356 1242 3419 parem
1258 3356 1417 3399 numerum

374 3418 430 3480 Cri.
457 3418 589 3481 Sicinius
615 3422 704 3482 sociis
728 3422 910 3503 imperaret:
943 3422 1025 3483 idem
1049 3433 1159 3504 praetoi
1184 3422 1322 3505 peditum
1344 3434 1417 3485 octo

372 3505 479 3581 millia,
495 3504 732 3587 quadringentos
755 3508 874 3588 equites
890 3528 908 3568 a
923 3508 1012 3570 sociis
1035 3506 1137 3569 Latini
1158 3509 1289 3570 nominis
1311 3508 1417 3589 exige·

371 3600 428 3649 ret.
474 3588 566 3651 Hunc
581 3592 709 3653 militem
733 3593 783 3673 qui
799 3592 950 3653 Brundisii
966 3594 1128 3675 acciperet,
1149 3602 1239 3675 atque
1254 3595 1285 3655 iii
1308 3590 1417 3655 Mace·

371 3674 494 3737 doniam
519 3676 665 3753 mitteret,
689 3675 729 3738 A.
745 3677 856 3738 Atilius
884 3676 1038 3756 Serranus,
1055 3680 1105 3759 qui
1127 3679 1227 3762 priore
1243 3700 1324 3741 anno
1339 3700 1416 3761 prie-

369 3770 419 3821 tor
433 3761 541 3841 fuerat,
558 3762 713 3843 deligitur:
749 3764 775 3802 ⁸⁵
788 3762 847 3823 Cn.
864 3760 994 3826 Sicinius
1019 3777 1130 3846 praetor
1145 3766 1222 3845 quii
1248 3766 1416 3827 exercitum

369 3860 509 3925 paratum
535 3847 575 3908 ad
602 3845 815 3928 trajiciendum
845 3849 978 3926 liaberet,
1009 3850 1043 3912 C.
1069 3849 1198 3932 Popillio
1229 3850 1345 3912 consuli
1376 3870 1415 3911 ex

531 3968 543 3993 ¹
559 3959 637 4009 Persio
646 3958 716 4009 Creu.
837 3968 849 3994 ¹
864 3964 921 4025 quod
936 3964 994 4010 Eud.
1118 3970 1129 4005 t
1145 3978 1187 4025 pria
1197 3962 1254 4010 Eril.

369 4119 384 4131 ..
399 4055 423 4088 ⁸⁹
436 4054 472 4133 ⁸l't
489 4060 528 4119 qiii
545 4059 607 4106 odire
621 4058 731 4122 unctum]
752 4057 877 4107 Mallcmus
911 4058 1017 4121 Crimcno,
1039 4059 1128 4107 scribere
1150 4060 1247 4121 institui,
1271 4076 1315 4108 iiiia
1338 4064 1416 4129 mei

365 4132 394 4165 iii
433 4136 450 4165 i.
908 4140 935 4170 rie
950 4138 1045 4171 iiereiio.

399 4135 504 4257 ἔαρ-ιω
519 4185 740 4260 ωσίἰιφισηνηιῐιιν]
758 4186 876 4263 llicbene
935 4140 962 4221 l*
981 4186 1130 4265 llimciiqn'i'ri
1140 4186 1176 4249 eo]
1195 4188 1298 4238 lalisio.
1349 4256 1355 4266 Ι

366 4259 466 4324 correxit
478 4246 608 4324 Gronosqui
627 4262 730 4299 veterem
742 4251 875 4311 lectionem,
940 4251 961 4285 θ’
980 4250 1130 4326 Cui-Simius
1139 4262 1219 4313 prator
1234 4270 1276 4315 quo
1286 4256 1417 4320 exercitum]

364 4313 472 4387 qui'socii.
499 4310 563 4388 <lircil
573 4314 669 4373 intelligi
679 4316 757 4375 debet,
768 4326 875 4378 quantum
908 4314 941 4362 Ut
954 4314 998 4361 Cn.
1010 4314 1108 4365 Sicinius
1119 4328 1202 4379 praetor
1212 4330 1315 4381 paratum
1326 4318 1417 4365 exerti-

363 4377 619 4451 attmeietcdidquad:
644 4389 669 4424 ut
680 4381 739 4443 apud
752 4382 827 4430 Cicer.
839 4396 876 4443 ep.
906 4390 956 4426 iiiiii
969 4379 1072 4455 liaberet,
1088 4394 1134 4431 etc.
1169 4381 1417 4443 Maleauteilsgebs·

362 4442 388 4547 q.
400 4439 511 4554 iilum
518 4438 643 4504 Quiritum,
653 4440 716 4495 Quod
727 4447 814 4506 marii,
822 4447 875 4521 quid
906 4454 953 4507 tur,
964 4460 1002 4507 qui
1012 4447 1137 4509 erinitum.
1172 4445 1301 4497 Gronovius
1311 4446 1419 4497 mutarit.

378 4518 405 4551 ei
424 4518 441 4551 ii
520 4521 609 4570 egerim,
624 4522 683 4569 quii,
698 4524 873 4570 quummeiniii
