3184 5225
363 361 424 430 uo
770 343 993 408 ‚rrrrmun

347 520 360 556 t
804 513 896 562 lnam
908 509 985 560 exn.

411 610 520 674 Castra
535 627 654 691 quoque
668 603 793 668 diuersis
817 605 954 688 partibus
978 599 1100 664 Cassius
1124 609 1157 662 et
1182 595 1295 680 Bogud
1318 595 1418 658 adorti

367 699 450 761 haud
464 697 594 759 muitum
609 693 743 771 obfuere,
758 693 831 773 quin
847 713 942 774 opera
957 697 1201 772 perrumperent.

410 785 480 854 Quo
496 794 633 864 tempore
646 780 787 842 firmandi
804 781 888 860 regni
904 776 1038 860 Bogudis
1061 793 1169 836 caussa
1191 772 1359 834 exercitum
1386 770 1419 830 in

371 870 509 932 Africam
525 868 668 930 velociter
683 865 824 947 trajicere
840 877 967 927 conatus
982 863 1032 924 sit.

413 955 537 1018 Cassius
559 954 701 1035 gessisset
724 973 794 1014 curn
819 950 975 1014 Trebonio
997 949 1121 1040 bellum,
1136 946 1161 1008 si
1176 943 1336 1027 Bogudem
1350 954 1416 1005 tru-

342 1040 346 1050 ’
371 1045 445 1105 here
460 1044 492 1103 in
506 1043 686 1102 societatem
702 1039 810 1100 furoris
826 1038 983 1122 potuisset.

441 1125 550 1176 Priscus.
562 1124 667 1174 Gnmur.
676 1123 717 1170 Iib.
729 1137 765 1172 s‘r.
776 1139 800 1187 p.
812 1124 868 1172 ⁶86.
881 1133 906 1170 et
916 1123 971 1170 687.

805 1277 891 1327 LIBRI
904 1276 997 1326 exul.

416 1390 459 1453 Et
473 1391 538 1473 ipse
554 1389 635 1450 circa
649 1386 767 1471 Pulpud
782 1407 868 1450 orans
884 1388 1037 1451 tuebatur.
1063 1403 1066 1410 ⁴

441 1474 549 1523 Priscian.
559 1473 576 1521 1.
584 1471 651 1534 iqui
662 1471 732 1521 etiam
745 1472 787 1519 lib.
804 1483 828 1520 v.
843 1487 866 1536 p.
879 1473 933 1520 643.
944 1471 1023 1530 docet,
1033 1467 1124 1517 Liuium
1135 1465 1225 1534 Bogud,
1236 1466 1334 1533 Bogudis
1350 1469 1422 1516 dedi-

374 1555 435 1589 mus
447 1543 472 1588 in
482 1537 615 1610 curunpisi
626 1539 671 1600 leg.
684 1549 752 1586 cxrr.

794 1665 881 1716 LIBRI
895 1663 1011 1714 cxvnl.
1036 1681 1039 1686 ·

418 1779 575 1844 Adversus
594 1777 803 1844 interfectores
830 1777 866 1844 C.
886 1777 1012 1842 Caesaris
1032 1769 1180 1840 ultoribus
1194 1799 1317 1840 manum
1333 1748 1419 1842 dom·

377 1885 487 1950 parans
501 1866 657 1930 concibat.

443 1950 554 2001 Priscian.
576 1951 681 1999 Granum.
700 1952 716 2000 I.
737 1963 775 2000 tx.
812 1987 817 1999 .
836 1952 891 2002 865.
905 1947 946 2000 ubi
966 1949 1024 1998 maie
1043 1949 1065 1997 iu
1077 1949 1147 2000 MSS.
1164 1945 1347 2014 iegiturerls'uir'
1362 1947 1421 1994 tino

376 2027 492 2130 lxvnrpssep
513 2013 588 2065 xvim
609 2029 634 2065 ct
652 2028 744 2065 xcvrn.
764 2015 803 2068 C.
824 2017 905 2066 Barth.
931 2016 1037 2064 Granum.
1058 2030 1082 2064 v.
1104 2017 1142 2064 35.
1160 2031 1183 2067 et
1210 2015 1236 2062 ad
1259 2013 1317 2060 Son.
1335 2011 1416 2060 ‘i'hch-

789 2193 878 2242 LIBRI
895 2192 1022 2242 cxxvn.

422 2299 574 2373 Quoniam
601 2303 681 2366 Inter
709 2304 881 2385 Augustum
910 2317 942 2366 et
964 2303 1133 2366 Antonium
1162 2303 1291 2384 reliquias
1320 2301 1422 2364 adhuc

379 2401 468 2452 erant
483 2390 689 2468 dissensionis,
701 2388 849 2453 Cocceius
863 2388 974 2468 Nerva,
986 2411 1114 2473 proauus
1129 2389 1244 2467 Nerva,
1257 2388 1306 2471 qui
1316 2401 1424 2470 posteo

378 2476 540 2558 imperavit
555 2475 672 2556 Rornae,
687 2477 844 2539 mandavit
854 2477 1006 2558 Augusto,
1017 2490 1052 2539 nt
1062 2478 1199 2540 mitteret
1211 2476 1422 2554 Tarracinam,

379 2561 431 2645 qui
447 2561 485 2623 de
501 2582 621 2649 summa
635 2584 735 2625 rerum
750 2573 926 2630 tractarent.
970 2563 1052 2645 Ergo
1068 2563 1176 2625 missus
1199 2575 1247 2626 est
1270 2561 1423 2626 Maecenas

379 2668 451 2709 cum
465 2647 613 2731 Agrippa,
628 2651 678 2729 qui
693 2662 854 2732 utrumque
870 2652 1037 2713 exercitum
1058 2648 1150 2731 juxte
1172 2650 1367 2713 Brundisium
1392 2651 1423 2710 in

376 2752 442 2795 una
455 2745 558 2796 castre
572 2756 642 2796 curn
658 2757 771 2817 magna
785 2738 890 2799 laetitia
905 2746 1080 2818 coegerunt,
1101 2748 1136 2798 ut
1158 2737 1201 2798 ait
1225 2735 1326 2798 Livius
1348 2736 1425 2797 libro

380 2836 513 2881 cxxvn.
557 2819 922 2904 Intelligendum'autcm,
947 2822 1039 2905 quod,
1054 2821 1183 2885 Fonteio
1198 2824 1291 2884 misso
1308 2824 1345 2885 ab
1359 2822 1425 2883 An·

378 2905 476 3006 tonia,
492 2904 656 3006 'Augustus
678 2907 882 2973 Maecenatem
900 2922 934 2973 et
958 2922 1074 2971 ceteros
1096 2910 1137 2971 ad
1152 2908 1292 2971 eumdem
1319 2910 1419 2971 locum

379 3004 525 3055 emiserit.

411 3076 483 3133 ΜΝ,
492 3074 617 3141 Ροφὴγῐὶο
634 3090 659 3126 ct
669 3092 839 3132 commentator
848 3092 914 3130 vetus
928 3079 1024 3145 Cruquii
1035 3081 1062 3129 sd
1074 3078 1157 3132 Horat.
1167 3078 1206 3129 lib.
1218 3092 1237 3128 1.
1250 3090 1292 3129 sat.
1303 3081 1326 3127 5.
1345 3094 1368 3128 v.
1384 3074 1425 3127 29·

379 3140 456 3189 verbis
470 3142 571 3206 paullum
582 3144 724 3195 sonoribus
912 3208 915 3215 ,

785 3268 874 3323 ulum·
889 3268 1025 3317 cxnvl.

424 3372 541 3439 Eodem
557 3396 639 3440 anno
653 3378 742 3443 ludos
757 3381 906 3443 seculares
919 3378 1020 3442 Caesar
1034 3378 1151 3461 ingenti
1166 3378 1316 3462 adparatu
1330 3374 1425 3453 iecit3

380 3478 456 3544 quos
484 3466 653 3528 centesImo
682 3488 802 3551 quoqne
838 3488 919 3529 armo
952 3466 990 3544 (is
1021 3468 1101 3527 enim
1133 3468 1279 3529 terminus
1317 3465 1424 3545 sccuIi)

382 3550 447 3610 fieri
463 3571 540 3613 mos.

415 3634 538 3683 Censorio.
549 3635 579 3683 de
588 3635 635 3683 D‘e
642 3636 720 3684 Natali
731 3654 753 3687 c.
763 3639 801 3688 17.
824 3638 917 3687 Horum
928 3638 1034 3689 Indorum
1043 3638 1131 3689 mentio
1141 3638 1201 3687 sactu
1211 3640 1303 3687 videtur
1314 3638 1338 3685 ia
1349 3636 1430 3700 deper-

381 3696 754 3761 ditandouvusncxxxvr.
876 3698 880 3707 “

380 3919 421 3986 11.
458 3923 561 4007 QUAE
595 3926 820 3995 PROBABILI
852 3928 1132 3997 CONJECI'URA
1157 3928 1216 4003 AD
1239 3924 1348 3993 SUOS
1372 3927 1428 3993 LI·

411 4008 521 4076 BROS
537 4014 718 4080 REF'ERRI
733 4016 924 4081 POSSUNT
938 4018 997 4085 EX
1010 4016 1211 4083 EPlTOMlS
1226 4014 1304 4079 LIB.
1320 4014 1403 4079 LIV.

796 4206 844 4257 An
863 4208 926 4262 LIB.
944 4210 1015 4261 XIII.

384 4395 405 4459 d
425 4306 570 4458 Cprtribus
583 4312 703 4379 falcatis
718 4338 789 4383 usos
804 4342 869 4384 esse
883 4319 1025 4402 majores,
1052 4335 1084 4386 et
1099 4320 1200 4385 Liuius
1215 4334 1248 4385 et
1262 4318 1436 4385 Sallustius·

405 4417 444 4458 oc
463 4417 506 4459 n.

414 4480 480 4533 Serv.
493 4482 520 4530 sd
530 4479 593 4545 Vnt.
603 4482 658 4538 AEo.
669 4499 688 4539 1.
699 4487 756 4553 ⁴76,
790 4489 829 4543 Cf.
840 4490 943 4545 Freinsh.
954 4492 1035 4559 Suppi.
1047 4506 1108 4546 xm.
1120 4493 1158 4542 ³8.
