3184 5225
399 417 420 470 s
736 378 740 392 '
815 412 900 472 uu
919 412 1021 474 mvn

235 567 380 654 ⁰·'⁰·⁵.⁷⁴·
400 587 497 630 vacua
525 582 626 631 castra
655 568 760 649 inpetu
787 567 881 647 facto,
913 569 992 647 latri,
1021 589 1112 652 quum
1143 568 1217 630 alius
1247 581 1379 631 armatus
1410 567 1447 630 iis

234 636 373 689 ΗΜ·
400 675 494 717 nemo
516 655 637 716 obviam
658 653 743 731 isset,
764 653 797 714 io
822 655 962 737 praetorio
989 655 1188 717 instruentem
1215 665 1307 736 atque
1333 655 1458 716 adhor-·

402 753 521 803 tantem
548 762 616 802 suos
646 740 872 822 obpresserunt.
932 739 1075 804 Proelium
1102 742 1245 820 atrocius,
1272 762 1362 823 quam
1390 763 1447 825 pro

401 828 557 910 paucitate
577 825 795 904 resistentium,
811 826 886 888 suit:
912 848 969 889 nec
991 838 1062 889 ante
1078 828 1198 889 finitum
1214 839 1270 905 cst,
1286 849 1376 908 quam
1392 827 1447 889 tri·

401 915 500 975 bunus
526 913 667 990 militum,
693 914 806 996 quique
839 913 922 976 circa
955 934 1024 975 eum
1054 914 1264 992 constiterant,
1295 913 1447 976 interfecti

279 1013 286 1024 ·
346 1037 356 1050 ·
401 1011 483 1061 sunt.
531 997 674 1062 Pretorio
690 999 820 1082 dejecto,
836 998 972 1084 direptis,
988 1021 1053 1082 quoe
1068 1000 1109 1061 ibi
1124 999 1256 1078 fuerunt,
1271 1003 1283 1039 ⁸
1296 1000 1335 1061 ad
1350 1021 1447 1084 quas:

295 1143 301 1154 ,
324 1080 331 1092 '
402 1085 516 1148 toriutn
532 1084 631 1148 forum
647 1086 884 1169 quintanamque
903 1087 1006 1149 hostes
1022 1100 1230 1168 pervenerunt.
1281 1085 1337 1164 lbi,
1353 1105 1448 1168 quum

300 1240 307 1255 ‚
402 1173 539 1234 omnium
563 1193 663 1234 rerum
689 1184 828 1255 paratam
858 1173 1088 1255 expositamque
1114 1173 1245 1256 copiam,
1276 1186 1308 1234 et
1333 1183 1447 1233 stratos

403 1259 501 1320 lectos
516 1260 548 1321 in
563 1259 723 1342 quaestorio
737 1259 932 1337 invenissent,
947 1259 1067 1340 regulus
1083 1257 1238 1320 adcubans
1254 1258 1367 1340 epulari
1384 1278 1448 1320 coe·

402 1346 460 1428 pit.
490 1367 562 1408 mox
584 1345 666 1408 idem
690 1347 784 1408 ceteri
810 1346 927 1424 omnes,
954 1365 1107 1406 armorum
1132 1345 1325 1426 hostiumque
1347 1344 1447 1421 obliti,

403 1431 538 1496 faciunt:
561 1444 603 1511 et,
619 1445 652 1495 ut
667 1433 775 1513 quibus
789 1431 924 1494 insuetus
941 1431 1095 1495 liberalior
1109 1432 1207 1494 victus
1223 1444 1314 1510 esset,
1330 1429 1447 1492 avidius

402 1519 474 1580 vino
489 1520 619 1603 ciboque
633 1541 762 1602 corpora
776 1518 915 1581 onerant.

346 1625 352 1638 ·
447 1604 504 1668 lll.
525 1604 725 1689 Nequaquam
748 1605 856 1668 eadem
879 1615 926 1666 est
950 1617 1014 1668 tum
1040 1606 1083 1667 rei
1107 1605 1206 1667 forma
1228 1605 1309 1689 apud
1328 1603 1445 1668 Roma·

402 1713 474 1755 nos:
506 1704 596 1772 terra,
611 1693 688 1754 mari
703 1691 888 1773 trepidatur:
913 1691 1028 1753 nautici
1050 1692 1244 1754 tabernacula
1266 1691 1447 1769 detendunt,

402 1791 667 1862 commeatumque
689 1779 721 1840 in
743 1779 832 1839 litore
858 1779 1031 1860 expositum
1053 1779 1085 1839 iu
1108 1799 1199 1840 naves
1221 1779 1360 1860 rapiunt:
1388 1777 1446 1839 mi-

403 1866 472 1928 lites
487 1866 518 1926 in
534 1867 664 1948 scaphas
683 1878 716 1928 et
736 1886 821 1926 mare
836 1864 933 1926 territi
949 1875 1054 1926 ruunt:
1078 1876 1188 1943 nautae,
1204 1875 1291 1926 metu
1304 1886 1343 1926 ne
1358 1883 1443 1928 com-

400 1952 543 2036 pleantur
565 1952 696 2033 navigia,
718 1951 769 2012 alii
794 1951 888 2013 turbae
914 1951 1075 2028 obsistunt,
1096 1950 1146 2011 alii
1173 1951 1212 2011 ab
1239 1951 1328 2012 litore
1353 1970 1445 2012 naves

402 2039 435 2100 in
458 2039 554 2102 altum
576 2038 742 2121 expellunt.
764 2037 837 2099 inde
859 2046 1022 2114 certamen,
1045 2057 1117 2098 mox
1138 2037 1231 2098 etiam
1254 2058 1357 2120 pugna
1375 2057 1445 2099 cum

401 2124 573 2203 vulneribus
595 2137 627 2187 et
647 2124 730 2186 caede
755 2125 786 2185 in
811 2123 909 2185 vicem
935 2122 1065 2184 militum
1091 2135 1311 2206 nautarumque
1338 2124 1445 2201 oritur,

403 2211 501 2274 donec
522 2211 611 2294 jussu
636 2211 767 2276 consulis
791 2210 899 2292 procul
927 2231 946 2270 a
977 2221 1058 2272 terra
1084 2209 1187 2270 classis
1219 2211 1362 2272 submota
1388 2221 1446 2271 est.

401 2294 567 2361 Secemere
589 2298 661 2360 inde
682 2298 812 2359 inermes
836 2297 874 2362 ab
896 2296 1020 2358 armatis
1041 2295 1145 2378 coepit.
1160 2297 1210 2357 vix
1224 2296 1306 2358 mille
1321 2295 1447 2358 ducenti

402 2405 442 2446 ex
461 2396 549 2446 tauta
569 2385 777 2461 multitudine,
800 2382 850 2463 qui
871 2401 955 2444 arma
975 2381 1131 2458 haberent,
1154 2383 1297 2465 perpauci
1319 2381 1448 2463 equites,

403 2471 455 2549 qui
479 2489 573 2550 equos
596 2489 699 2531 secum
721 2469 910 2544 eduxissent,
932 2467 1046 2529 inventi
1070 2478 1151 2529 sunt.
1174 2481 1277 2531 cetera
1304 2468 1447 2530 deformis

400 2555 500 2634 turba,
529 2554 612 2617 velut
641 2553 770 2615 lixamm
810 2553 1033 2635 calonumque
1050 2553 1151 2636 praeda
1180 2575 1248 2617 vere
1278 2555 1389 2633 lutura,
1409 2554 1445 2616 'si

234 2648 382 2699 montet
399 2641 472 2704 belli
496 2643 601 2703 hostes
623 2641 844 2702 meminissent.
903 2638 1168 2703 ⁹'l'unc‘dcmum
1187 2642 1315 2702 nuncius
1330 2641 1369 2701 ad
1384 2652 1447 2703 ter-

234 2715 379 2765 maet-
400 2729 477 2791 tiam
501 2728 654 2810 legionem
676 2725 889 2805 revocandam,
905 2737 937 2788 et
952 2725 1108 2789 Gallorum
1123 2727 1316 2808 praesidium:
1348 2738 1380 2788 et
1403 2727 1446 2787 si-

234 2779 325 2844 ΡΜ
400 2814 464 2877 mul
488 2836 528 2877 ex
552 2814 693 2877 omnibus
717 2813 792 2875 locis
817 2812 857 2874 ad
882 2824 982 2875 castra
1009 2813 1183 2897 recipienda
1203 2813 1447 2893 demendamque

400 2900 600 2984 ignominiam
627 2899 717 2962 rediri
747 2910 882 2981 coeptum
912 2911 970 2962 est.
1028 2896 1156 2961 Tribuni
1185 2900 1315 2961 militum
1347 2900 1445 2960 tertiae

400 2988 529 3072 legionis
552 2986 697 3071 pabulum
717 2985 860 3067 lignaque
882 2984 1030 3070 projicere
1052 2984 1183 3067 jubent:
1215 2983 1442 3049 centurionibus

847 3122 857 3158 ¹
866 3125 923 3175 Tam
934 3126 1004 3176 Cres.
1063 3163 1069 3175 .

400 3241 490 3306 stipulis.
499 3238 862 3289 Viamaadtxxxrsnc.
877 3242 898 3290 l.
939 3241 1006 3289 latus.
1038 3240 1094 3290 ldeo
1109 3240 1187 3289 hostes
1198 3242 1304 3305 pretorio
1313 3242 1446 3305 deiectoed

432 3308 492 3355 8Λά
512 3306 649 3367 quaestorium
658 3305 739 3369 fisum
759 3303 907 3357 Qsisstonsos-
940 3308 1089 3370 qusestorium
1115 3308 1260 3371 perveniunt.
1316 3306 1447 3357 Quaestctio

399 3372 451 3435 pre]
471 3372 528 3420 Duo
537 3370 603 3419 suere
614 3369 640 3419 io
650 3371 730 3418 castris
740 3368 849 3419 llomanis
859 3371 907 3419 sors
940 3372 1008 3433 igitur
1023 3372 1132 3422 translato
1141 3372 1165 3420 iu
1177 3384 1264 3437 partem
1276 3388 1380 3436 superam
1395 3388 1447 3423 css-

399 3435 612 3485 rerumveuslium:
622 3435 719 3484 alterum
731 3436 909 3499 sdprsetorium.
939 3448 1036 3494 tronum,
1052 3438 1120 3486 simul
1136 3450 1159 3485 et
1178 3439 1252 3485 forum
1268 3438 1386 3499 questoris
1404 3453 1447 3486 eo-

399 3502 447 3550 site
457 3502 629 3550 tsbemsrulum
639 3502 712 3560 ducis,
728 3500 813 3562 dequo
823 3502 907 3548 diserte
939 3502 992 3548 dem
1003 3502 1190 3549 trsnslstumest.
1217 3498 1281 3551 Quin
1293 3510 1318 3548 et
1329 3502 1365 3547 via
1375 3516 1446 3565 prox.

400 3566 516 3631 Polybius,
522 3566 582 3614 libro
590 3575 670 3614 serto:
685 3564 784 3612 alterum
794 3565 823 3611 sd
834 3579 907 3626 ques·
938 3564 984 3611 ima
994 3567 1115 3627 quaestorio
1122 3564 1337 3628 Ouintmsquoqce
1347 3566 1445 3616 socitsts

399 3633 494 3690 tarium
513 3632 561 3679 site
581 3628 752 3679 ubemsculum
779 3630 906 3690 quaestoris.
939 3640 974 3677 est
991 3645 1003 3677 ι
1019 3628 1168 3679 similitudine
1188 3644 1248 3677 sera
1269 3629 1401 3689 Quintana,
1419 3634 1444 3681 ia

400 3697 512 3746 Ceterum
524 3708 548 3743 et
559 3696 715 3759 quartarium.
724 3705 748 3741 et
757 3691 802 3740 hoc
812 3693 906 3757 proinde
938 3710 982 3757 qus
999 3694 1053 3743 olim
1076 3695 1222 3758 quaestorium
1241 3696 1339 3759 positum
1361 3696 1446 3749 suerat.

398 3762 475 3811 sorum
498 3764 618 3826 questoris
642 3760 697 3809 olim
718 3772 796 3806 sersus
818 3770 905 3821 portam
938 3758 969 3806 Et
979 3758 1063 3807 haseio
1078 3760 1209 3823 locoquem
1221 3760 1446 3824 explicamusintel-

397 3826 559 3878 Decummam
570 3828 638 3875 lube
651 3824 905 3887 Jamsouotsvimussd
937 3824 1026 3884 ligeods
1045 3835 1080 3873 est
1099 3825 1226 3884 Quintana,
1250 3840 1296 3873 nou
1317 3826 1354 3874 illa
1372 3826 1445 3878 altera

398 3891 417 3940 1.
437 3906 531 3943 xxxiv.
550 3908 572 3941 c.
589 3892 630 3941 ⁴7.
662 3889 737 3936 Situm
753 3901 803 3935 erat
820 3902 905 3953 nempe
937 3900 1010 3947 vetus.
1025 3906 1077 3953 quse
1092 3890 1189 3939 nimium
1204 3890 1271 3950 longe
1286 3890 1444 3955 sbestaprse-

398 3954 424 4002 io
442 3956 716 4017 mediationemque
726 3954 762 4001 ris
777 3964 905 4001 transrerss
936 3955 1004 4004 torio.
1044 3955 1104 4005 Haec
1119 3956 1151 4004 its
1161 3954 1274 4019 explicare
1289 3971 1407 4013 conemur,
1416 3968 1445 4007 ut

398 4030 459 4080 erat,
480 4034 561 4067 secans
580 4021 745 4083 longitudinem
766 4032 903 4081 antrorum,
936 4019 1044 4068 brevitati
1059 4020 1127 4069 simul
1145 4030 1170 4069 et
1186 4020 1282 4069 claritati
1291 4021 1445 4073 consulamus.

398 4083 504 4161 psnllels
515 4084 643 4162 Principiis.
675 4086 753 4147 Atque
764 4082 817 4131 binc
827 4084 903 4133 forum
936 4084 981 4134 Sed
992 4088 1032 4149 qui
1043 4096 1115 4134 totam
1132 4098 1181 4135 rem
1198 4087 1299 4150 spernus
1313 4088 1443 4151 perspicere

397 4151 763 4266 qlpssrpqtqusestgpmsmepisqlme
786 4148 904 4229 antsqs
935 4150 1088 4265 {plaltssdest
1105 4152 1167 4217 Lips.
1186 4151 1204 4199 l.
1224 4164 1248 4203 t.
1268 4152 1297 4199 de
1308 4151 1363 4201 Mil.
1374 4151 1445 4203 Rom.

423 4228 451 4262 ce
489 4226 524 4261 ur.
670 4233 684 4263 a
720 4226 798 4265 retae
833 4226 903 4264 umus
962 4232 1035 4267 ss..

398 4278 530 4326 cohortibus
534 4279 602 4340 juxta
611 4293 662 4326 esra
673 4232 833 4329 tendentibml
854 4281 903 4345 Ap-
967 4280 1046 4329 vrum
1063 4282 1149 4329 doncro
1164 4280 1268 4345 stantius]
1290 4280 1373 4345 supple
1392 4284 1444 4330 mis-

398 4344 560 4406 ptreterboe
570 4343 692 4393 uviilom
705 4348 753 4407 lam
772 4361 833 4395 nunc
851 4362 903 4394 mu·
938 4362 975 4395 sus
995 4356 1037 4394 est:
1063 4358 1088 4394 et
1107 4344 1208 4406 intellige
1228 4346 1346 4394 Gallorum
1365 4347 1447 4409 presi-

398 4419 474 4457 taum
494 4408 566 4456 luisse
586 4407 657 4457 situm
682 4412 806 4473 quantuli,
825 4412 856 4460 its
878 4422 904 4460 ut
935 4412 999 4459 dium
1009 4412 1039 4459 de
1050 4426 1095 4473 quo
1105 4410 1145 4459 hic
1161 4414 1243 4472 agitur,
1254 4414 1363 4474 cujusque
1377 4426 1445 4460 mett·

398 4471 455 4519 illud
469 4483 519 4521 tum
536 4484 606 4537 esset,
617 4474 721 4536 quoloto
734 4476 774 4524 Pol
790 4478 841 4525 bius
857 4488 903 4525 ste·
936 4478 970 4525 tio
981 4476 1038 4525 latta
1050 4488 1086 4524 est
1097 4491 1164 4543 supra
1175 4491 1196 4529 c.
1210 4478 1231 4528 l.
1244 4476 1333 4528 stetisse
1351 4486 1444 4543 sparte

398 4537 452 4598 trit,
467 4535 491 4587 ia
509 4538 586 4590 ficum
608 4551 733 4591 castrorum
803 4542 904 4609 praetorii
936 4542 1100 4619 Romanorum.
