3184 5225
376 349 412 402 12
796 342 877 402 TlTl
896 341 998 400 LlVll

207 515 348 567 U.c.575.
417 495 458 558 X.
479 495 563 560 Dum
588 498 652 558 hoec
675 495 781 558 Romae
804 509 959 578 geruntur,
983 493 1030 557 nl.
1055 493 1165 557 Junius
1181 494 1267 557 etri.
1282 492 1429 572 Manlius,

206 581 238 628 Α·
250 584 280 657 (3-
294 581 348 657 177,
374 584 425 663 qui
440 584 541 665 priore
557 605 637 644 anno
653 582 792 644 consides
817 584 948 659 fuerant,
976 602 1068 662 quum
1095 581 1243 662 Aquileiae
1271 582 1429 642 hibernes·

205 642 360 768 {32:⁵3³
373 681 452 748 sent,
475 669 625 751 principio
650 668 726 729 veris
752 669 782 728 in
810 667 886 730 fines
903 667 1048 728 Istrorunr
1065 668 1233 730 exercitum
1250 669 1428 729 introduxe-

207 781 286 826 ΜΕ
374 768 463 816 runt:
496 757 547 816 ubi
574 775 667 834 quum
694 753 787 816 effuse
812 753 1041 836 popularentur,
1058 754 1146 815 dolor
1161 754 1258 835 inagis
1274 765 1305 814 et
1326 753 1428 834 indig-

373 843 459 903 netio
476 841 565 922 diripi
581 862 629 901 res
645 861 715 900 sues
730 852 889 902 cernentes
904 837 1011 917 Istros,
1026 861 1118 922 quarn
1141 853 1224 902 certe
1247 861 1328 921 spes,
1353 839 1428 900 satis

373 928 430 987 sibi
457 926 564 987 virium
596 927 737 988 adversus
767 926 843 988 duos
870 927 1029 1004 exercitus,
1063 925 1185 988 excivit.
1210 947 1358 988 concursu
1390 946 1429 986 ex

349 1013 514 1078 omnibus
539 1013 659 1094 populis
682 1011 850 1092 juventutis
876 1013 970 1090 facto,
1002 1013 1175 1094 repentinus
1202 1024 1234 1074 et
1258 1011 1428 1074 tumultue-

373 1099 432 1160 rius
470 1100 622 1160 exercitus
656 1100 753 1166 acrius
782 1099 882 1182 prirno
909 1099 1023 1182 inpetu,
1054 1119 1145 1181 quam
1175 1098 1433 1181 perseverantius·

372 1184 528 1266 pugnauit.
580 1185 632 1246 Ad
656 1197 786 1266 quatuor
812 1185 907 1247 millia
932 1205 1037 1247 eorum
1062 1184 1093 1246 in
1117 1185 1182 1250 acie
1198 1207 1295 1247 caesa:
1320 1185 1427 1261 ceteri,

372 1271 486 1332 omisso
515 1271 606 1349 bello,
632 1272 663 1332 in
690 1272 829 1333 civitates
854 1271 966 1353 passim
994 1271 1186 1353 diffugerunt.
1213 1272 1284 1333 inde
1308 1271 1428 1352 legatos

372 1357 503 1439 primum
520 1356 559 1417 od
575 1378 682 1438 pacem
698 1358 864 1439 petendam
880 1358 912 1418 in
927 1370 1029 1420 castra
1043 1355 1194 1437 Romane,
1219 1358 1328 1420 deinde
1344 1356 1427 1418 obsi·
1451 1383 1454 1391 ·

373 1443 427 1504 des
442 1444 617 1524 imperatos,
632 1444 790 1505 miserunt.
835 1443 910 1504 Haec
937 1465 1030 1525 quum
1052 1443 1158 1506 Romae
1182 1445 1306 1526 cognita
1332 1443 1426 1504 literis

369 1530 588 1611 proconsulum
603 1543 716 1608 essent,
740 1529 776 1591 C.
793 1528 937 1591 Claudius
952 1531 1070 1609 consul,
1085 1532 1206 1610 veritus,
1227 1552 1265 1592 ne
1287 1529 1365 1591 forte
1389 1549 1427 1589 ea

372 1636 421 1676 res
437 1616 622 1697 provinciam
638 1617 867 1697 exercitumque
882 1616 939 1677 sibi
956 1616 1117 1694 adimeret,
1137 1637 1199 1678 non
1214 1617 1292 1678 votis
1308 1636 1426 1676 nuncu-

373 1701 465 1784 patis,
480 1705 507 1742 ⁴⁸
518 1723 579 1764 non
603 1702 777 1783 paludatus,
799 1703 863 1763 sine
879 1703 1047 1781 lictoribus,
1063 1725 1123 1765 uno
1138 1703 1277 1765 omniurn
1293 1702 1425 1764 certiore

373 1787 457 1849 facto
473 1788 601 1869 collega,
616 1802 708 1850 nocte
730 1788 897 1871 profectus,
921 1811 1055 1872 praeceps
1080 1791 1110 1851 in
1126 1789 1312 1873 provinciam
1330 1787 1425 1849 abiit:

373 1875 426 1935 ubi
442 1875 651 1954 inconsultius,
666 1896 757 1957 quarn
784 1887 917 1954 venerat,
943 1898 975 1938 se
1001 1877 1105 1958 gessit.
1130 1898 1213 1955 nam,
1237 1897 1327 1958 quum
1350 1896 1425 1935 con·

373 1961 462 2022 eione
477 1961 627 2023 advocata
641 1963 743 2044 fugain
767 1985 785 2024 e
810 1963 916 2024 cestris
942 1962 980 2024 A.
1008 1961 1118 2038 ntaulii
1145 1963 1275 2024 adversis
1303 1961 1424 2022 auribus

373 2047 506 2108 militurn
536 2047 660 2130 (quippe
687 2049 738 2129 qui
765 2050 855 2131 primi
874 2049 931 2132 ipsi
958 2049 1117 2130 fugissent)
1142 2048 1300 2130 jactasset,
1322 2049 1424 2129 inges-

373 2133 520 2214 sissetque
545 2137 655 2215 probra
675 2133 722 2195 M.
745 2134 850 2212 Junio,
877 2135 959 2216 quod
974 2157 1006 2198 se
1023 2135 1181 2198 dedecoris
1196 2136 1312 2198 socium
1328 2135 1425 2196 colle·

373 2240 420 2300 gae
453 2220 584 2297 lecisset,
621 2222 661 2282 ad
691 2233 861 2284 extremum
892 2233 1052 2304 utrumque
1089 2223 1233 2284 decedere
1271 2220 1426 2302 provincie

370 2304 471 2385 jussit.
516 2311 542 2352 ⁴7
558 2306 649 2376 Quod
676 2329 768 2388 quum
794 2309 908 2371 milites
932 2309 1064 2370 consulis
1087 2307 1216 2390 imperio
1236 2307 1320 2370 dicto
1336 2306 1426 2366 audi-

375 2404 461 2453 entes
477 2392 593 2454 suturos
609 2405 696 2454 esse²
712 2396 860 2471 dicerent,
877 2415 968 2475 quum
983 2395 1009 2455 is
1025 2417 1109 2456 inore
1129 2393 1289 2476 majorum,
1313 2413 1424 2454 secun·

374 2477 446 2536 dum
463 2489 534 2537 vota
549 2479 579 2537 in
596 2475 750 2558 Capitolio
770 2494 956 2560 nuncupata,
981 2501 1049 2540 curn
1074 2481 1241 2558 lictoribus,
1264 2479 1425 2562 paludatus

372 2561 529 2644 profectus
554 2563 592 2624 ab
618 2564 692 2624 urbe
717 2575 818 2642 esset3
853 2563 954 2626 furens
979 2564 1034 2642 ira,
1064 2567 1090 2602 ⁴⁸
1105 2577 1257 2642 vocaturn,
1291 2565 1342 2643 qui
1369 2585 1425 2645 pro

375 2660 521 2727 ‹puaesmrc
547 2648 658 2711 Manlii
683 2663 758 2729 crat,
785 2662 908 2713 catenas
934 2651 1086 2733 poposcit,
1110 2653 1229 2713 vinctos
1249 2671 1281 2713 se
1295 2648 1423 2711 Juniurn

374 2732 586 2816 Manliumque
613 2737 756 2798 minitans
783 2736 915 2799 Romam
943 2738 1113 2798 missurum.
1163 2736 1212 2798 Ab
1238 2757 1274 2797 eo
1302 2756 1422 2817 quoque

374 2834 508 2903 spretum
536 2824 667 2883 consulis
694 2824 853 2908 imperium
880 2834 947 2885 cst:
983 2836 1015 2885 ct
1038 2822 1236 2885 circumfusus
1260 2822 1421 2899 exercitus,

373 2906 478 2969 favens
505 2908 720 2991 imperatorum
745 2932 868 2987 coussae,
892 2922 924 2971 et
946 2910 1062 2972 consuli
1088 2910 1225 2987 infestus,
1248 2910 1365 2971 animos
1381 2908 1421 2969 ad

372 3014 436 3055 nou
449 2994 617 3075 parendum
633 2995 776 3058 addebat.
820 2994 978 3057 Postremo
995 2994 1140 3077 fatigatus
1160 2996 1266 3058 consul
1290 3004 1321 3055 et
1344 3016 1420 3055 con·

371 3080 503 3143 tumeliis
529 3082 726 3164 singulorum,
757 3094 788 3143 et
815 3082 1018 3145 multitudinis
1050 3082 1134 3163 (iram
1159 3081 1280 3165 insuper
1307 3080 1419 3141 inride-

778 3246 789 3270 ¹
804 3253 846 3286 sese
856 3239 930 3289 Gron.
943 3238 1013 3287 Cres.

372 3364 441 3409 edicto
461 3362 486 3409 C.
506 3364 587 3411 Claudi
604 3378 661 3411 cous.
680 3360 773 3408 Claudio
794 3362 882 3411 decretu
915 3363 973 3410 inire
983 3363 1017 3411 bis
1027 3361 1071 3410 hoc
1082 3362 1164 3410 eodem
1175 3361 1249 3425 cupite
1261 3360 1368 3409 correxit.

372 3436 411 3472 est.
428 3428 562 3474 Emendaiit
572 3426 686 3491 Gryneus
696 3426 810 3489 quomodo
820 3442 881 3474 nunc
945 3429 967 3464 ⁴⁷
985 3426 1049 3480 Quod
1058 3444 1127 3488 prium
1143 3427 1232 3489 milites]
1249 3426 1322 3473 Recte
1333 3424 1422 3471 videtur

371 3490 476 3549 legimus.
913 3493 1032 3539 observare
1049 3494 1109 3539 idern
1122 3492 1252 3539 Gronovius
1262 3489 1319 3536 nihil
1329 3489 1365 3537 hic
1377 3504 1421 3535 ne·

404 3553 427 3587 ⁴⁶
446 3554 496 3602 Nou
505 3556 631 3614 paludatus,
638 3558 684 3603 sinc
694 3554 815 3617 lictoribus]
834 3554 881 3603 Vs·
901 3558 970 3619 »getii
981 3556 1050 3605 fuisse
1064 3556 1183 3613 militibus,
1199 3571 1241 3603 nec
1251 3554 1320 3602 luisse
1331 3568 1421 3601 cauum

371 3630 410 3665 tus
420 3620 490 3667 leetIo
501 3633 557 3677 erat,
567 3637 608 3667 nou
624 3622 743 3681 paludatus
761 3621 881 3669 lictoribus.
914 3638 954 3669 cur
966 3622 999 3669 illi
1010 3638 1052 3685 pro
1062 3622 1132 3671 Junio
1144 3634 1167 3671 ct
1180 3620 1277 3677 Manlio,
1294 3620 1332 3682 qni
1349 3620 1420 3666 dece·

372 3684 418 3731 Sed
429 3686 611 3749 paludamentum
624 3685 725 3748 chlamys
738 3686 880 3746 imperatoris
913 3688 967 3734 dere
990 3687 1103 3749 provincis
1121 3686 1273 3752 jubebuntur,
1298 3684 1422 3747 responde·

371 3762 492 3813 conquam
511 3751 677 3814 proficiscentes
694 3751 720 3796 ud
737 3751 821 3796 bellurn
838 3750 880 3797 du·
913 3762 973 3799 rent.
1005 3751 1119 3815 Displicet
1131 3754 1199 3801 etiarn
1211 3750 1240 3797 rb
1249 3752 1313 3812 qnod.
1340 3750 1422 3811 ltaque

371 3832 410 3863 ces
428 3818 480 3880 ipsi,
497 3832 543 3865 non
554 3820 633 3877 utiquc
644 3818 744 3869 lictores,
761 3814 880 3873 gerebsnt.
912 3815 957 3877 legi
967 3815 1051 3879 jubet:
1068 3834 1176 3879 prmuque
1186 3818 1228 3871 illi,
1244 3829 1328 3878 nempe
1339 3816 1422 3861 lunius

371 3882 452 3944 Supra,
469 3897 499 3930 n.
517 3888 556 3932 49.
581 3877 663 3929 'Consul
681 3880 800 3940 polruiutus
817 3896 880 3943 egre·
913 3894 937 3929 et
950 3881 1060 3937 Manlius,
1075 3882 1199 3930 reconsulis
1212 3883 1300 3941 imperio
1310 3881 1367 3929 dicto
1376 3896 1421 3926 au-

370 3947 438 3992 «licus.
457 3957 481 3992 et
491 3948 507 3994 l.
520 3958 576 3994 xxi.
587 3961 608 3993 c.
621 3948 658 3993 63.
669 3945 697 3991 dc
710 3943 830 4000 Flaminio,
845 3942 881 3991 Ne
912 3946 1089 4011 dierstessuturor
1099 3962 1140 3995 cue
1149 3947 1252 3994 dicerent.
1272 3944 1347 3993 Vetus
1357 3944 1421 3992 enirn

367 4010 497 4069 patritiatus.
507 4026 570 4055 .cum
580 4012 690 4058 lictoribus
700 4012 729 4055 od
746 4010 879 4069 prouinciam
912 4013 1027 4074 exemplar
1037 4010 1117 4059 inbuit
1127 4026 1176 4067 este,
1185 4025 1231 4057 nou
1241 4024 1290 4057 sese.

369 4076 421 4121 iret.
433 4087 457 4121 et
471 4072 489 4121 l.
502 4084 579 4120 xxxi.
590 4089 611 4122 c.
625 4078 660 4123 lt.
679 4075 736 4121 Tum
753 4071 782 4122 P.
802 4072 879 4133 Sulpi·
944 4076 967 4109 *ὅ
988 4076 1089 4125 l'outturu
1107 4078 1145 4139 pri
1161 4082 1318 4137 procreatore
1335 4071 1422 4119 lirum

370 4140 442 4188 eius..
447 4138 566 4199 paludatus
581 4154 631 4184 eron
647 4140 756 4186 lictoribus
770 4136 880 4201 profectus
912 4148 968 4198 eust,
980 4149 1065 4187 cotenus
1084 4137 1189 4203 poposcit]
1207 4140 1303 4187 Vocsuit
1315 4153 1368 4185 enm
1380 4137 1420 4199 qui

370 4204 397 4249 ub
408 4204 469 4259 urbe
479 4200 632 4248 Brundusium
642 4208 706 4251 veuit.
740 4204 777 4251 Ex
795 4202 839 4259 his,
855 4215 879 4251 et
911 4220 952 4267 pro
963 4217 1075 4269 questore
1086 4204 1168 4253 Manlii
1178 4217 1236 4259 crat,
1246 4214 1269 4251 et
1278 4203 1344 4250 illum
1357 4214 1420 4249 cute-

370 4269 450 4315 multis
460 4269 509 4314 eliis
520 4278 623 4314 veterum
641 4266 698 4315 locis
715 4281 777 4316 recte
795 4268 879 4329 colligit
913 4286 954 4317 nus
975 4270 1086 4334 poposcit.
1142 4270 1191 4317 Oui
1216 4268 1299 4315 Manlii
1322 4265 1421 4314 consulis

370 4332 501 4381 Gronovius
519 4332 556 4378 lric
574 4333 707 4379 mendosum
725 4349 775 4381 esse
786 4335 880 4382 unicum
914 4348 1012 4399 anestor
1023 4336 1109 4396 fuerat,
1117 4336 1220 4401 ejusdem
1232 4334 1372 4397 proconsulis
1380 4347 1424 4396 pro

370 4399 504 4460 exemplar:
533 4410 601 4459 utque
621 4398 677 4444 sdeo
697 4400 730 4446 sic
750 4400 793 4458 legi
815 4396 881 4463 jussit
914 4412 1027 4467 questore
1038 4413 1094 4453 ctat.

371 4464 486 4527 quomcdo
505 4463 625 4523 edidimus,
646 4476 670 4513 et
689 4464 751 4513 idem
772 4467 881 4520 mend-un
