3184 5225
455 376 533 435 LIB.
546 374 656 437 XLIV.
676 374 757 435 CAP.
772 375 921 435 XXXIII.
1162 377 1237 439 lta?

170 542 248 610 erat,
274 538 397 615 propter
424 530 588 592 adventum
612 530 701 592 simul
726 526 844 593 AEmilii
868 531 938 592 novi
962 532 1105 611 consulis,
1125 552 1217 615 quem
1231 544 1372 596 uenat.
1398 533 1402 538 ”

169 638 241 681 cum
271 616 446 699 ingentibus
476 617 566 679 minis
597 617 761 679 adventare
794 618 949 694 audiebat,
978 618 1066 679 simul
1097 620 1218 682 Octavii
1230 611 1262 659 A.
1272 611 1301 659 C·
1315 612 1369 663 ¹⁶⁸·

167 704 316 787 praetoris.
360 705 386 749 ⁷⁶
399 701 465 764 Nec
481 703 581 764 miuus
597 703 720 765 terroris
736 724 755 763 a
769 704 867 765 classe
882 702 1024 765 Romana
1037 716 1070 767 et
1084 707 1219 786 periculo

165 791 329 853 maritima
351 810 410 853 orec
439 790 580 851 babebat.
627 788 854 851 Thessalonicae
876 790 1028 851 Eumenes
1059 801 1091 852 et
1118 792 1218 854 Athe·

166 897 299 959 nagoras
322 888 471 959 praeeraut
490 896 560 937 cum
575 896 669 958 parvo
692 876 834 956 praesidio
856 877 985 938 duorum
1009 877 1137 939 millium
1159 896 1237 940 caes

167 974 329 1025 tratorum.
373 961 419 1024 Eo
434 974 465 1024 et
487 961 674 1023 Androclem
697 962 875 1043 praefectum
895 964 1003 1040 mittit,
1021 962 1141 1043 jussum
1163 966 1238 1026 sub·

169 1050 243 1133 ipsis
274 1050 430 1110 navalibus
457 1061 556 1111 castra
582 1047 704 1109 habere.
748 1047 875 1110 AEniam
902 1049 985 1111 mille
1010 1050 1127 1130 equites
1148 1070 1219 1112 cum
1324 1056 1331 1065 '

168 1136 327 1217 Antigono
350 1136 434 1197 misit
460 1134 500 1196 ad
524 1134 684 1197 tutandam
712 1136 898 1197 maritimam
921 1156 1030 1197 oram:
1069 1149 1114 1213 ut,
1140 1158 1219 1219 quo·

170 1242 302 1305 cunique
318 1222 407 1283 litore
430 1221 612 1303 adplicuisse
635 1241 726 1282 naves
753 1223 885 1289 hostium
909 1222 1074 1296 audissent,
1099 1235 1219 1284 extem-

168 1308 222 1392 plo
253 1309 366 1371 ferrent
396 1308 565 1389 agrestibus
592 1326 693 1387 opem.
721 1309 853 1392 quinque
883 1308 978 1368 millia
1008 1305 1217 1370 Macedonum

168 1396 264 1457 missa
293 1395 333 1455 ad
363 1392 534 1476 praesidium
564 1395 590 1441 77
603 1391 702 1475 Pythii
730 1407 762 1456 et
789 1394 894 1471 Petra,
924 1394 1033 1475 quibus
1062 1395 1217 1477 praepositi
1231 1406 1313 1471 Rtpcm
1327 1406 1387 1482 ltus

170 1493 259 1543 erant
273 1480 427 1557 Histiaeus,
442 1490 475 1541 et
487 1478 680 1560 Theogenes,
697 1492 729 1542 et
745 1480 835 1543 Milo.
873 1480 931 1541 His
947 1480 1103 1561 profectis,
1119 1482 1216 1563 ripam
1230 1472 1268 1537 pei
1279 1483 1362 1521 manre.

169 1568 290 1629 munire
305 1566 412 1651 Enipei
438 1566 566 1627 fluminis
583 1564 741 1646 adgressus
757 1580 814 1644 est,
832 1567 903 1649 quia
918 1568 1000 1628 sicco
1015 1568 1101 1628 alveo
1117 1579 1218 1629 traus-

170 1654 208 1715 iri
223 1665 353 1736 poterat.
396 1654 423 1699 ⁷³
436 1650 517 1713 Huic
531 1663 567 1714 ut
581 1652 679 1713 omnis
700 1654 864 1715 multitudo
878 1665 1011 1731 vacaret,
1027 1652 1155 1731 feminae,
1177 1675 1217 1715 ex

169 1740 347 1823 propinquis
356 1740 479 1801 urbibus
494 1752 618 1815 coactae,
630 1737 746 1801 cibaria
760 1741 791 1801 in
805 1754 905 1802 castra
918 1739 1112 1802 adferebant:
1130 1740 1219 1801 miles

163 1824 268 1906 jussus
282 1848 320 1887 ex
336 1826 513 1909 propinquis
528 1825 608 1888 silvis

551 2002 568 2035 0
687 2002 703 2035 Ι
822 2002 839 2035 0

212 2159 367 2224 XXXIII.
390 2146 465 2206 *ll*
492 2173 646 2245 postremo
676 2164 761 2245 sequi
790 2184 822 2224 se
855 2166 882 2209 ⁷⁹
895 2164 1023 2224 utrarios
1053 2163 1093 2224 ad
1123 2182 1326 2239 marmoream
1428 2190 1432 2196 ’

171 2249 369 2329 quodminus
389 2260 541 2311 trecentos
557 2270 665 2331 passus
686 2250 802 2326 aberat,
814 2246 917 2331 jussit,
938 2260 970 2310 et
984 2250 1015 2309 iu
1031 2248 1120 2310 litore
1143 2248 1218 2311 alios
1229 2264 1296 2313 ψ·

170 2335 243 2396 alibi
271 2335 399 2397 modicis
422 2334 586 2396 intervallis
612 2335 726 2396 fodere.
751 2348 873 2398 montes
895 2336 1029 2417 ingentis
1049 2335 1219 2395 altitudinis

166 2441 254 2503 spem
284 2420 445 2498 faciebant,
460 2441 498 2482 eo
539 2421 636 2502 magis
659 2422 730 2503 quia
759 2422 859 2482 nullos
888 2432 1010 2503 apertos
1042 2432 1220 2501 evergerent

170 2507 264 2584 rivos,
279 2506 416 2568 occultos
438 2506 594 2569 continere
611 2506 727 2583 latices,
749 2527 875 2587 quomm
890 2527 974 2568 vene
989 2507 1020 2567 in
1043 2526 1126 2567 mare
1148 2526 1218 2588 per-

171 2602 333 2655 manantes
350 2592 470 2654 ⁸⁰undae
485 2593 691 2656 miscerentur.
736 2591 795 2654 Vix
823 2592 956 2655 deducta
980 2613 1100 2654 summa
1125 2613 1219 2654 arena

155 2689 246 2756 erat,
271 2698 367 2759 quum
393 2679 593 2759 scaturigines
616 2679 742 2740 turbida
764 2680 864 2761 primo
895 2691 1053 2742 attenues
1074 2679 1219 2758 emicare,
1328 2725 1332 2732 .

172 2765 242 2827 dein
257 2764 403 2846 liquidam
420 2764 607 2846 multamque
622 2765 747 2828 fundere
763 2785 885 2850 aquam,
899 2765 982 2828 velut
996 2764 1099 2828 Deum
1123 2765 1218 2843 douo,
1250 2765 1253 2768 ’

173 2862 339 2933 coeperunt.
382 2850 582 2932 Aliquantum
598 2871 635 2912 ea
655 2873 775 2934 quoque
790 2873 838 2913 res
860 2851 932 2913 duci
948 2852 1036 2914 famae
1056 2863 1089 2913 et
1110 2861 1229 2912 aucun-⁴

173 2937 269 3000 ritatis
293 2936 375 3020 apud
395 2937 506 2999 milites
530 2936 652 3019 adjecit.
695 2936 793 3000 Jussis
819 2938 930 3020 deinde
952 2939 1100 3000 militibus
1122 2957 1218 3019 expe·

174 3023 238 3085 dire
255 3043 350 3102 arma,
375 3024 439 3106 ipse
455 3043 524 3086 cum
540 3023 669 3086 tribunis
684 3025 881 3108 ⁸¹primisque
896 3025 1053 3086 ordinibus
1073 3024 1159 3085 vadit
1179 3023 1220 3084 ad

175 3110 425 3192 contemplandos
448 3109 611 3188 transitus3
644 3131 704 3192 qua
720 3111 880 3172 descensus
895 3110 993 3172 facilis
1008 3111 1144 3187 arcuatis,
1159 3129 1222 3188 qua

174 3194 207 3256 iu
232 3194 404 3258 ulteriorem
430 3196 527 3278 ripam
550 3197 675 3258 minime
700 3197 821 3276 iniquus
842 3198 1005 3258 adscensus
1025 3205 1116 3258 esset.
1159 3192 1221 3254 His

179 3281 254 3342 satis
278 3281 450 3364 exploratis,
475 3282 528 3343 illa
542 3301 662 3363 quoque
680 3283 824 3365 primurn,
846 3296 882 3343 ut
901 3283 1008 3342 ordine
1028 3300 1064 3342 ac
1085 3280 1151 3340 sine
1171 3289 1221 3340 tu-

174 3366 277 3428 multu
299 3367 402 3430 omnia
423 3369 453 3430 in
481 3367 602 3450 agmine
623 3367 662 3428 ad
686 3380 793 3429 nutum
817 3367 1037 3448 imperiumque
1058 3364 1144 3427 ducis
1164 3363 1221 3426 fre·

173 3465 253 3530 rent,
278 3454 420 3537 providit.
465 3453 526 3518 Ubi
550 3453 692 3516 omnibus
712 3453 802 3515 simul
823 3452 1082 3535 pronunciantur,
1102 3451 1222 3533 ”quod

171 3539 268 3618 lieret,
297 3561 395 3622 neque
418 3562 524 3603 omnes
549 3540 751 3616 exaudirent3
786 3540 904 3602 incerto
927 3538 1054 3620 imperio
1079 3549 1222 3620 accepto,

171 3625 259 3706 alios,
278 3628 305 3666 ⁸⁸
318 3627 358 3688 ab
373 3648 406 3688 se
421 3625 613 3709 adjicientes,
633 3625 700 3710 plus
716 3647 765 3705 eo,
780 3625 864 3707 quod
879 3625 1061 3707 imperatum
1077 3626 1128 3702 sit,
1143 3624 1222 3685 alios

201 3797 225 3837 7⁶
245 3798 291 3849 ll'ec
308 3801 491 3866 maneamne]
511 3801 568 3850 Nou
583 3801 633 3850 lucc
650 3801 681 3850 ita
712 3800 795 3862 ligendi
815 3799 896 3864 procul
903 3798 974 3847 dubio
982 3806 1038 3848 suut
1053 3795 1068 3843 ii
1081 3795 1121 3859 qui
1132 3795 1221 3844 utribus

172 3864 303 3928 acipienda
322 3879 387 3926 runt,
404 3869 466 3930 quasi
487 3871 569 3915 tertius
590 3867 681 3930 quidam
712 3883 794 3931 aquam
805 3867 828 3914 iu
839 3864 1011 3928 eastndelerre
1021 3862 1132 3911 solebam.

173 3931 585 3994 terronproeterAEmiliIOctaviiqne
595 3933 681 3980 advers·
745 3932 769 3966 ⁸⁰
785 3933 800 3960 ‘
815 3930 885 3979 Unde
894 3931 1047 3992 orbarentur]
1062 3929 1087 3974 Si
1098 3942 1152 3974 sana
1168 3925 1221 4000 bae

173 4007 236 4054 tum,
263 3995 373 4044 Perseum
400 3998 524 4045 sollicitare
557 3998 681 4046 dIceretur.
711 4010 775 4054 runt,
790 3993 1121 4056 vorumancnudeposna,
1136 3993 1219 4055 amipl-

174 4061 299 4122 Compara
308 4061 383 4109 liuius
390 4063 528 4110 maritimum
536 4073 681 4111 terrestrem.
712 4063 770 4111 enda
781 4075 817 4109 est
828 4077 869 4125 pro
880 4061 944 4108 uudr's
956 4060 1054 4106 mortua.

172 4139 218 4187 qne
228 4137 329 4174 terrores
340 4127 401 4175 iuter
412 4143 446 4176 re.
745 4129 766 4160 ⁸¹
786 4127 884 4174 Primis.
896 4159 903 4173 .
916 4158 922 4173 .
935 4122 1074 4186 ardradus]
1091 4121 1219 4170 Priuernas

204 4189 227 4226 ⁷⁷
257 4190 347 4255 Pythis]
370 4192 433 4240 Olim
453 4190 542 4255 Pythoi.
574 4190 681 4240 Correxit
713 4193 819 4241 ordiuum
838 4189 1016 4240 cemurtonibus.
1047 4187 1100 4237 vid.
1116 4187 1221 4251 mpml.

172 4253 288 4318 Sigonius,
300 4257 588 4322 utrupmlxarr.c.53.
715 4269 779 4306 xxa.
792 4259 850 4305 al.

207 4317 230 4355 ²⁸
246 4319 309 4370 Huic
328 4331 356 4370 at
369 4325 438 4370 orauit
452 4321 582 4384 multituda]
601 4321 680 4370 Meui-
747 4321 770 4353 “²
782 4324 795 4350 ⁹
809 4316 955 4381 Quodfieret]
974 4316 1220 4367 Sensusridetureai·

173 4379 305 4434 fmumest
324 4386 408 4451 aliquid
426 4387 514 4436 meae.
546 4387 607 4450 Lege
627 4403 681 4436 cum
713 4384 899 4450 ‘aequamini
907 4385 998 4433 deberet.
1143 4432 1147 4436 Α

171 4445 281 4500 Murato:
298 4452 671 4514 luicoperiatermn'smaltitudo.
745 4451 768 4484 ⁸³
786 4452 802 4480 ²
822 4452 856 4497 Ab
878 4466 899 4497 re
919 4448 1054 4513 crb'r‘cr'errtes]
1078 4446 1222 4510 Adjitimes

205 4512 229 4552 ⁷⁹
247 4513 359 4582 Iltrcrios]
382 4517 437 4567 Vox
457 4516 578 4567 rarissima.
610 4517 681 4566 Intel-
713 4515 796 4580 aliquid
807 4531 837 4566 ex
849 4531 891 4564 auo
899 4514 928 4563 ad
939 4513 1170 4580 eaquaemdierunt.
1219 4536 1225 4545 ·
