3184 5225
380 354 444 409 2⁰⁴
792 344 886 406 'rm
902 346 1006 405 mvn

218 508 362 564 muta.
385 502 496 584 posita,
520 500 697 564 devehenda
721 496 853 563 Romam
876 497 936 561 Cn.
949 498 1080 562 Ocmvio
1105 497 1189 563 data.
1228 495 1365 580 'Paulina
1377 500 1439 563 be·

217 576 251 628 ⁸·
265 576 295 627 C·
308 578 361 629 ¹⁶⁷·
384 590 477 671 nigne
496 588 605 670 legatis
629 586 772 663 dimissis,
801 598 1006 669 transgressus
1033 584 1240 671 Strymonem,
1264 586 1348 649 mille
1361 610 1437 671 pas-

383 696 471 737 suum
493 677 533 736 ab
547 673 726 758 Amphipoli
753 686 854 736 castra
877 673 1003 756 posuitr
1027 673 1099 734 inde
1123 672 1289 755 profectus,
1315 673 1433 742 Pellam

381 762 491 843 quinto
513 762 563 822 die
585 760 732 844 pervenit.
776 758 1008 841 pretergressus
1047 760 1165 838 urbam,
1201 760 1243 823 ad
1282 758 1435 845 Spelaeum

386 844 482 929 (quod
496 848 618 927 vocant)
648 847 773 909 biduum
795 858 944 924 moratus,
965 844 1000 906 P.
1022 844 1179 923 Nasicam,
1202 859 1235 910 et
1259 846 1300 918 Q.
1328 846 1434 914 Maxi-

319 1002 322 1009 ,
382 952 467 995 mum
493 932 589 995 lilium
613 954 682 997 cum
708 946 797 1016 parte
816 934 971 1014 copiarum
986 931 1028 993 ad
1044 932 1276 1015 depopulandos
1300 932 1431 1019 Illyrios,

383 1021 434 1101 qui
451 1018 560 1082 Persea
582 1018 725 1103 juverant
738 1020 831 1098 bello,
851 1019 948 1092 misit,
968 1016 1071 1100 jussos
1097 1018 1138 1079 ad
1158 1018 1286 1081 Oricum
1300 1020 1358 1083 sibi
1373 1022 1431 1083 ob-

380 1125 523 1169 currere:
548 1107 622 1190 ipse,
649 1106 775 1189 Epirum
795 1118 914 1189 petens,
940 1104 1182 1187 quintisdeeimis
1196 1107 1302 1170 castris
1319 1105 1430 1170 Passa·

382 1212 489 1255 ronem
504 1194 650 1275 pervenit.
1103 1207 1110 1218 ‘

215 1272 363 1339 aptam
425 1277 575 1343 XXXIV.
608 1276 702 1343 Haud
730 1279 836 1362 procul
869 1278 941 1339 inde
973 1277 1074 1341 Anicii
1109 1289 1210 1341 casua
1230 1278 1366 1343 aberant.
1388 1278 1432 1340 ad

214 1338 344 1455 ffffi‘w'
383 1386 473 1448 quem
497 1367 590 1428 literis
613 1365 723 1442 missis,
749 1384 789 1427 ne
812 1365 886 1447 quid
908 1365 1011 1452 adea,
1026 1364 1431 1448 quaefierent,moveretur;

381 1452 393 1485 ‘
408 1466 547 1515 senatum
557 1452 690 1535 praedam
703 1451 787 1535 Epiri
799 1451 980 1530 civitatium,
988 1472 1053 1534 quae
1063 1453 1103 1514 ad
1112 1450 1223 1513 Persea
1233 1450 1431 1530 defecissent,

382 1539 394 1574 ³
410 1540 555 1601 exercitui
569 1536 710 1617 dedisse,’
721 1539 877 1600 submissis
893 1539 1120 1600 ceourrionibus
1134 1539 1166 1599 in
1181 1538 1316 1620 singulas
1330 1538 1431 1616 urbes,

381 1627 434 1707 qui
461 1646 493 1688 se
519 1624 654 1689 dicerent
682 1625 721 1686 ad
747 1625 888 1708 prasidio
913 1624 1094 1687 deducenda
1121 1625 1251 1704 venisse,
1277 1637 1317 1687 ut
1341 1625 1430 1687 liberi

381 1708 526 1795 Epirota,
550 1713 629 1774 sicut
656 1708 858 1789 Macedones,
884 1724 997 1790 essent,
1024 1712 1118 1773 denos
1144 1710 1298 1794 principes
1313 1732 1354 1773 ex
1367 1712 1432 1773 sin·

381 1798 460 1879 gulis
487 1799 623 1861 evocavit
653 1798 844 1861 civitatibus:
869 1797 987 1879 quibus,
1018 1818 1111 1879 quum
1141 1796 1365 1875 denunciassct,
1395 1809 1432 1859 ut

379 1904 488 1946 aurum
510 1896 599 1966 atque
626 1897 784 1965 argentum
810 1884 844 1946 in
865 1884 1019 1967 publicum
1042 1883 1238 1966 proferretur,
1253 1904 1309 1967 per
1324 1904 1432 1945 omnes

381 1972 520 2033 civitates
547 1972 688 2033 cohortes
715 1972 842 2034 dimisit.
869 1982 940 2034 ante
966 1972 998 2031 iu
1019 1969 1186 2048 ulteriores,
1201 1990 1294 2051 quam
1310 1971 1342 2032 in
1356 1992 1431 2053 pro·

381 2056 493 2139 piures,
508 2057 649 2140 profecti,
673 2068 708 2119 ut
722 2078 784 2119 uno
812 2058 861 2120 die
885 2056 916 2118 in
943 2077 1051 2118 omnes
1074 2057 1291 2139 perveniretur.
1333 2055 1431 2120 Edita

380 2142 510 2204 tribsmis
526 2144 812 2225 centurionibusque
827 2154 926 2221 eraut,
940 2164 1006 2224 quoe
1027 2159 1211 2225 agerenurr:
1234 2163 1324 2205 mane
1338 2162 1433 2204 omne

383 2249 488 2291 aurum
515 2241 735 2311 argentumque
759 2230 935 2291 conlatum:
965 2230 1043 2291 hora
1066 2240 1176 2312 quarta
1189 2230 1311 2311 signum
1324 2230 1363 2291 ad
1379 2228 1433 2291 di·

380 2316 535 2397 ripiendas
558 2317 647 2378 urbes
675 2318 780 2379 datum
806 2326 855 2376 est
876 2316 1043 2377 militibus:
1070 2326 1217 2398 uncaque
1240 2316 1342 2398 praeda
1358 2314 1432 2395 luit,

379 2412 415 2461 ut
430 2402 461 2461 in
477 2404 610 2483 equitem
628 2406 659 2443 ⁴⁶
671 2402 872 2485 quadringeni
894 2402 1020 2479 denarii,
1043 2402 1198 2485 peditibus
1221 2394 1332 2464 duceiri
1353 2401 1433 2462 divi·

383 2486 535 2565 derentur,
560 2500 682 2551 centum
699 2489 920 2571 quinquaginta
948 2488 1046 2550 millia
1070 2487 1204 2569 capitum
1225 2488 1432 2549 humanorum

381 2572 615 2638 abducerentur.
659 2574 743 2638 Muri
759 2574 870 2638 deinde
886 2574 1072 2659 direptarum
1094 2574 1216 2638 urbium
1232 2574 1323 2639 diroti
1338 2586 1433 2638 sunt:

382 2679 420 2720 ea
435 2660 518 2721 luere
534 2661 649 2744 oppida
665 2663 746 2750 circa
760 2663 963 2745 septuaginta.
1006 2659 1143 2723 Vendita
1155 2661 1258 2744 prada
1281 2663 1432 2740 omnium,

383 2745 421 2806 de
456 2768 493 2810 ea
529 2769 647 2810 summa
677 2749 767 2810 militi
803 2760 995 2814 numeratum
1028 2760 1085 2810 est.
1129 2745 1251 2810 Paullus
1284 2749 1324 2810 ad
1346 2769 1434 2810 mara

380 2829 508 2894 Oricum
535 2835 705 2914 descendit,
731 2855 934 2918 nequaquam,
957 2847 993 2896 ut
1012 2846 1096 2898 ratus
1111 2846 1190 2911 erat,
1205 2835 1333 2918 expletis
1348 2833 1434 2896 mili·

380 2929 447 2980 tum
464 2919 591 2985 animis:
616 2923 678 3004 qui,
693 2934 851 3006 tamquam
874 2921 990 2984 nullum
1012 2921 1045 2982 in
1065 2917 1250 2985 Macedonia
1261 2919 1433 3003 gessissent

214 3025 306 3080 Paulus
316 3031 341 3078 1„
381 3005 506 3086 bellum,
525 3021 671 3090 expertes
701 3009 790 3090 regia
820 3008 928 3090 praeda
953 3027 1018 3069 esse
1039 3007 1284 3090 indignabantur.
1335 3005 1427 3067 Orici

213 3095 362 3175 leutram-
382 3110 474 3176 quum
496 3095 605 3156 missas
628 3115 697 3156 cum
722 3092 866 3177 Scipione
888 3091 1002 3158 Nasica
1023 3092 1225 3175 Maximoque
1245 3093 1309 3155 filio
1323 3092 1432 3175 copias

209 3164 341 3277 lffiss‘*
382 3179 554 3258 invenisset,
570 3183 706 3244 exercitu
722 3181 752 3242 in
766 3201 860 3242 naves
870 3181 1017 3264 inposito,
1029 3181 1061 3241 in
1073 3177 1194 3242 ltaliam
1210 3179 1342 3262 trajecit.
1387 3176 1432 3240 Et

314 3263 320 3277 '
379 3277 452 3350 post
468 3287 581 3348 paucos
598 3267 663 3330 dies
686 3268 823 3345 Anicius,
847 3279 999 3331 conventu
1023 3267 1208 3349 reliquorum
1231 3265 1430 3350 Epirotarum

380 3351 636 3435 Acarnanumque
653 3365 734 3434 acto,
754 3353 907 3436 jussisque
923 3353 956 3414 in
972 3353 1093 3416 ltaliam
1119 3353 1205 3434 sequi
1227 3352 1430 3436 principibus,

380 3459 508 3520 quorum
542 3441 750 3522 cognitionem
784 3461 897 3502 caussae
926 3451 1101 3520 reservarat,
1130 3451 1163 3501 et
1191 3440 1268 3521 ipse,
1299 3439 1430 3501 naribus

380 3527 574 3606 exspectatis,
606 3528 717 3610 quibus
748 3547 821 3588 usus
854 3525 1074 3588 Macedonicus
1106 3525 1258 3589 exercitus
1291 3536 1369 3603 erat,
1391 3525 1430 3586 in

379 3609 501 3673 ltaliam
517 3611 650 3694 trajecit.
696 3613 798 3682 Quum
812 3614 926 3673 bacin
950 3609 1137 3674 Macedonia
1159 3610 1315 3696 Epiroque
1336 3621 1430 3693 gesta

376 3709 461 3776 sunt,
477 3698 583 3780 legati,
599 3699 648 3782 qui
665 3719 735 3764 cum
750 3698 857 3762 Attalo
868 3699 909 3760 ad
920 3699 1088 3763 finiendum
1101 3698 1215 3760 bellum
1229 3699 1311 3764 inter
1318 3695 1430 3760 Gallos

379 3797 413 3848 et
446 3805 550 3866 regem
584 3783 753 3848 Eumenem
783 3786 869 3846 missi
902 3797 1000 3863 eraut,
1033 3785 1065 3846 in
1086 3784 1430 3867 Asiampervenemot.

379 3867 514 3933 lnduciis
530 3891 584 3954 per
599 3871 732 3933 hicmem
755 3871 855 3950 factis,
878 3883 911 3934 et
932 3869 1012 3933 Galli
1036 3871 1144 3933 domos
1166 3873 1194 3912 ⁸⁶
1204 3868 1370 3948 obicienti,
1396 3879 1431 3930 et

379 3977 434 4018 rex
448 3957 481 4019 in
498 3959 623 4020 hiberna
637 3969 828 4020 concesserat
844 3957 1036 4039 Pergamum,
1059 3958 1203 4041 grauique
1226 3958 1334 4020 morbo
1348 3976 1430 4037 teger

380 4041 486 4105 luerat
530 4048 556 4091 ⁶⁷
569 4043 630 4106 Ver
645 4045 776 4128 primum
792 4064 832 4106 ex
855 4040 948 4107 domo
975 4044 1106 4107 excivit:
1125 4043 1252 4126 jamque
1279 4041 1430 4126 Synnada

800 4143 1002 4194 ¹rbr'aruarcrou.

412 4217 600 4287 “Quadrigari
619 4228 716 4290 dmarii]
751 4227 840 4276 maroa
849 4243 887 4275 ar·
914 4225 1172 4286 saiwaima.
1208 4262 1213 4276 .

328 4289 335 4298 ’
376 4287 580 4402 dimi.
588 4306 638 4406 Γ·
748 4294 772 4361 ²¹
790 4290 887 4340 Μ
920 4287 1242 4416 ”MANE
1250 4281 1345 4400 “dil
1365 4282 1432 4400 8ἲῖἔ.

411 4413 561 4480 ualeam]
587 4421 625 4468 su
643 4421 704 4470 bens
725 4420 796 4484 prima
816 4421 886 4475 auu
916 4433 997 4472 aas·
1014 4419 1096 4472 ctas«
1109 4430 1179 4478 ms
1196 4416 1216 4468 s
1235 4431 1318 4469 amu
1340 4427 1430 4467 Μ

377 4492 404 4530 et
415 4479 528 4542 Sigonius.
561 4483 589 4532 ln
605 4483 757 4534 Grouorisnis
778 4488 885 4536 editioni·
918 4487 1003 4537 diserte
1013 4486 1187 4551 exprimeretur.
