3184 5225
394 350 435 403 80
468 350 474 359 ’
805 336 888 398 TlTl
908 340 1007 398 LlVlI

228 494 261 547 U·
271 496 372 551 c.‚ssl.
394 497 493 559 ‘eura
507 492 702 579 praeparanda
715 492 843 569 fuerant,
867 492 956 573 plena
972 489 1184 570 cumulataque
1199 490 1311 551 habere
1328 488 1438 554 Mace-

228 561 299 611 Μ·
314 563 369 616 ¹⁷¹⁶
395 583 527 644 ‘donas
550 582 684 642 animum
710 578 885 639 habendum
910 598 986 655 esse,
1002 596 1093 657 quem
1117 576 1286 643 habuerint
1304 576 1437 659 majores

395 670 408 704 ‘
421 688 544 744 eorum3
568 666 629 746 qui,
640 662 764 745 Europa
777 663 861 725 omni
877 662 1005 739 domita,
1017 663 1195 741 transgressi
1211 663 1243 723 in
1258 661 1376 743 Asiam,
1389 666 1438 726 in·
1471 736 1474 747 ¹

394 757 406 788 ⁴
420 754 576 833 cognitum
593 750 680 813 famae
695 750 867 833 aperuerint
882 749 973 809 armis
988 749 1092 809 orbem
1106 760 1269 809 terrarum:
1294 770 1352 811 uec
1364 762 1438 811 ante

393 840 537 900 ‘nocere
560 837 715 914 desierint,
730 856 820 919 quam
835 838 861 881 ⁷⁶
871 832 975 896 Rubro
991 832 1065 895 mari
1085 834 1219 911 inclusis,
1235 838 1317 916 quod
1332 836 1436 898 vinee-

347 941 359 951 ’
392 926 497 1001 ‘rent,
523 923 665 986 deluerit.
711 921 764 999 At,
791 920 934 999 Hercule,
961 941 1040 982 nunc
1067 920 1183 981 nonde
1205 921 1319 983 ultimis
1341 920 1436 984 Iudiae

392 1012 404 1044 ‘
418 1012 489 1089 oris,
498 1010 552 1071 sed
562 1009 602 1069 de
612 1009 705 1090 ipsius
716 1006 906 1070 Macedonia
915 1007 1102 1090 possessione
1115 1017 1269 1069 certamen
1281 1008 1437 1069 fortunam

391 1097 572 1158 ‘indixisse
617 1093 696 1155 Cum
732 1105 818 1175 patre
855 1114 910 1154 suo
946 1104 1087 1175 gerentes
1124 1092 1235 1154 bellurn
1273 1092 1434 1155 Romanos

391 1182 443 1228 ‘⁷⁷
455 1183 624 1263 speciosum
646 1180 769 1243 Graeeiae
790 1178 952 1241 liberandae
974 1178 1077 1240 tulisse
1099 1179 1232 1239 titulum.
1258 1199 1335 1263 nunc¹
1358 1198 1433 1259 pro-

391 1268 402 1301 ‘
418 1268 519 1349 palam
534 1266 750 1329 Macedoniam
766 1267 798 1326 in
810 1266 984 1327 servitutem
1000 1279 1113 1347 petere,
1127 1284 1165 1326 ne
1182 1286 1234 1326 rex
1245 1266 1360 1326 vicinus
1376 1266 1437 1325 im-

391 1354 502 1436 ‘perio
517 1353 558 1415 sit
573 1353 726 1430 Romano,
742 1373 781 1413 ne
796 1372 871 1433 gens
886 1351 967 1412 bello
981 1351 1090 1411 nobilis
1106 1370 1190 1411 arma
1205 1352 1328 1412 haheat.
1358 1348 1434 1412 Haec

390 1440 497 1501 ‘enim
510 1440 660 1501 tradenda
674 1438 809 1520 superbis
830 1436 959 1499 dominis
975 1458 1040 1498 esse
1055 1456 1124 1499 cum
1140 1458 1212 1517 rege
1226 1436 1391 1518 deguuque,
1407 1438 1435 1497 si

391 1527 403 1557 ‘
417 1526 563 1587 absistere
576 1524 667 1602 bello,
684 1538 716 1586 et
730 1524 829 1585 facere
844 1524 994 1605 imperatis
1008 1521 1121 1583 velint!

434 1609 519 1673 Llll.
542 1612 643 1682 Quum
665 1632 720 1694 per
746 1630 867 1670 omnem
895 1609 1064 1670 orationem
1087 1610 1168 1670 'satis
1194 1608 1347 1689 frequenti
1373 1608 1430 1669 ad·

390 1718 482 1759 seusu
507 1698 727 1759 subclamatum
754 1706 853 1773 esset3
886 1706 950 1756 tum
976 1716 1047 1757 vero
1070 1716 1106 1757 ea
1129 1695 1317 1771 vociferatio,
1333 1694 1433 1755 'simul

391 1782 615 1865 indignantium
652 1783 930 1862 minitantiumque,
961 1782 1072 1863 partim
1105 1780 1279 1863 jubentium
1317 1781 1431 1841 bonum

391 1870 524 1931 animum
540 1870 652 1931 habere
675 1889 789 1950 regern,
804 1881 911 1929 exorta
933 1878 988 1944 est,
1004 1879 1040 1928 ut
1060 1866 1153 1929 finem
1169 1868 1291 1929 dicendi
1308 1866 1433 1928 laceret.

389 1958 417 2000 ⁷⁸
427 1967 548 2017 tantum
559 1954 651 2036 jussis
662 1955 702 2016 ad
718 1956 777 2017 iter
792 1974 898 2037 parare
911 1963 935 2031 ⁸,
954 1952 1035 2033 (jam
1051 1954 1131 2014 enim
1148 1954 1218 2031 dici,
1232 1972 1350 2015 movere
1366 1972 1434 2013 cas-

225 2058 369 2111 Massam„
388 2052 438 2102 tra
452 2044 490 2102 ab
516 2040 686 2124 Nymphaeo
711 2041 879 2119 Romanos)
910 2041 1055 2101 concione
1083 2040 1217 2117 dimissa,
1243 2040 1280 2100 ad
1306 2039 1433 2100 audien-

225 2123 329 2199 detruse

223 2202 344 2250 pecuum

224 2252 337 2303 obferunt

389 2127 444 2189 das
468 2128 635 2208 legationes
661 2128 828 2188 ciuitatium
856 2124 1047 2187 Macedoniae
1070 2146 1102 2186 se
1129 2126 1266 2188 eontulit.
1289 2136 1434 2187 venerant

389 2225 492 2274 autem
506 2215 546 2275 ad
560 2214 716 2295 pecunias,
739 2234 795 2295 pro
812 2212 1007 2275 facultatibus
1023 2232 1147 2292 quaeque
1163 2213 1234 2290 suis,
1249 2223 1281 2273 et
1296 2211 1432 2271 frumen-

389 2310 453 2359 tum
469 2299 677 2379 pollieendum
703 2300 743 2358 ad
757 2299 882 2358 bellum.
926 2297 1076 2359 Omnibus
1091 2300 1196 2379 gratiae
1219 2310 1302 2375 acta,
1324 2296 1433 2357 remis-

389 2404 455 2443 sum
477 2385 640 2458 omnibus3
674 2384 747 2443 satis
774 2384 873 2462 regios
895 2383 1059 2463 adparatus
1082 2385 1121 2444 ad
1144 2406 1181 2445 ea
1203 2384 1320 2446 dictum
1342 2382 1433 2443 subfi-

389 2488 480 2529 cere:
513 2468 652 2528 vehicula
677 2478 799 2528 tantum
824 2466 981 2547 imperata,
1002 2481 1036 2529 ut
1056 2464 1218 2547 tormenta,
1242 2470 1433 2549 telorumque

388 2552 547 2614 missilium
571 2553 726 2634 ingentem
741 2552 802 2613 vim
824 2564 1033 2634 praeparatam,
1056 2553 1258 2635 bellicumque
1280 2552 1362 2615 aliud
1386 2555 1434 2617 in-

389 2650 592 2701 strumentum
617 2639 772 2700 veherent.
817 2633 972 2700 Profectus
996 2637 1067 2699 iude
1089 2650 1157 2700 toto
1182 2641 1327 2717 exercitu,
1349 2637 1433 2700 Eor-

389 2724 507 2786 duram¹²
533 2737 652 2806 petens,
679 2725 719 2786 ad
734 2723 937 2806 Begorritem,
953 2745 1043 2805 quern
1059 2735 1178 2802 vocant,
1202 2725 1300 2786 lacurn
1324 2726 1434 2805 positis

388 2812 506 2888 castris,
522 2822 644 2892 postero
666 2810 715 2871 die
730 2811 761 2870 in
775 2809 926 2871 Elimeam
942 2811 980 2871 sd
998 2809 1200 2872 Haliacmona
1221 2809 1343 2872 fluvium
1359 2832 1434 2892 pro-

220 2907 364 2959 leus‘l'hee
388 2897 490 2958 cessit.
549 2895 667 2958 Deinde
697 2897 777 2957 saltu
808 2910 937 2977 angusto
967 2898 1113 2979 superatis
1151 2896 1315 2973 montibus,
1354 2915 1433 2976 quos

219 2972 308 3024 nlisuss

388 2980 575 3043 Cambunios
588 2979 709 3060 adeant,
725 2983 883 3044 descendit
908 2986 935 3029 ⁷⁹
948 2983 988 3042 ad
1014 2981 1174 3065 (Tripolim
1197 2979 1321 3060 vocant)
1345 2981 1431 3042 Azo-

388 3089 466 3146 nrnr,
492 3067 680 3151 ⁸⁰Pythium,
695 3080 728 3130 et
746 3067 898 3131 Dolichen
914 3069 1089 3130 incolentes.
1135 3066 1210 3129 Haec
1233 3069 1293 3128 tria
1315 3067 1434 3150 oppida

386 3155 551 3237 paullisper
575 3166 728 3232 cunctata,
753 3157 825 3238 quia
849 3155 969 3215 obsides
995 3153 1144 3215 Larissaeis
1169 3155 1327 3230 dederant,
1349 3154 1434 3215 victa

386 3253 490 3303 tamen
506 3242 646 3321 presenti
662 3252 755 3318 metu,
770 3242 802 3302 in
818 3241 1004 3302 deditionem
1020 3251 1242 3302 concesserunt.
1287 3237 1428 3320 Benigne

386 3326 434 3387 his
447 3327 621 3407 adpellatis,
645 3328 728 3390 haud
744 3325 852 3388 dubius
878 3325 1051 3387 Perrhaebos
1075 3346 1196 3407 quoque
1222 3327 1303 3387 idem
1327 3326 1431 3386 factu·

385 3433 447 3487 ros,
462 3415 486 3450 ⁸¹
500 3415 615 3490 urbem,
631 3413 707 3474 nihil
722 3413 884 3489 cunctatis,
907 3412 957 3492 qui
972 3412 1161 3488 incolebant,
1176 3413 1277 3496 primo
1294 3411 1429 3472 adventu

385 3498 502 3579 recipit.
546 3501 572 3537 ⁸²
580 3497 716 3582 Cyretias
742 3500 919 3581 obpugnare
944 3497 1095 3576 coactusl,
1130 3499 1230 3579 primo
1256 3497 1349 3558 etiam
1377 3495 1428 3556 die

481 3652 494 3687 Ι
505 3645 584 3705 parmi
593 3646 664 3696 Creu.
745 3644 881 3693 lhhrdeaus
898 3645 1050 3694 Gron.Cres.
1132 3645 1242 3694 ιοοιιιιιιιι
1255 3645 1330 3694 Grou.

413 3755 436 3792 ⁷⁶
452 3755 529 3804 Rssbro
537 3758 606 3821 men]
624 3759 652 3806 Id
663 3770 707 3815 est,
716 3758 804 3808 Indico.
837 3761 888 3806 Ve-
952 3759 974 3797 ⁷⁹
990 3759 1051 3806 'Ad
1071 3757 1188 3820 (liipolins
1198 3759 1285 3821 meunt)
1299 3759 1429 3808 decussi..

380 3832 443 3870 teres
461 3821 535 3869 Rubri
553 3823 621 3869 meris
639 3825 790 3871 nominenon
801 3823 886 3871 intelli·
921 3823 1044 3886 incolentes]
1065 3823 1101 3870 Ad
1113 3823 1239 3872 incolentes
1256 3825 1368 3886 Azorum,
1385 3823 1435 3887 1³5-

379 3886 463 3948 gehsnt
488 3887 631 3935 solummodo
656 3888 782 3934 Arabicum
807 3889 891 3944 sinum,
921 3889 1007 3944 thium,
1017 3901 1042 3936 et
1060 3887 1185 3943 Dolichen,
1195 3905 1263 3950 qsrsm
1281 3890 1374 3950 quidem
1395 3903 1436 3935 re·

379 3951 417 3998 cui
437 3951 550 3998 nunesoli
568 3951 619 4000 bssc
636 3953 755 4015 appellatio
773 3953 891 4011 remansit,
921 3953 1011 4014 gionem
1021 3953 1134 4016 Tripolim
1153 3965 1242 4001 vocant.
1276 3951 1369 4014 ilipulis
1386 3966 1431 3999 vox

378 4015 418 4062 sed
431 4026 456 4062 et
466 4015 581 4063 Persicum
599 4018 685 4073 sinum,
694 4028 754 4066 reste
774 4017 855 4075 Plinio,
869 4018 885 4066 l.
919 4017 999 4065 Graes
1010 4030 1054 4072 est,
1066 4018 1168 4064 indic-ens
1179 4017 1336 4078 regiunculsus
1354 4015 1430 4064 trihus

379 4092 414 4126 vr.
426 4094 448 4125 c.
460 4082 498 4127 21.
513 4092 582 4142 atque
600 4083 669 4129 etism
687 4081 789 4130 Indicum
808 4097 885 4130 mare:
918 4081 1007 4146 oppidis
1018 4082 1151 4129 habitatam.

378 4153 406 4189 ut
423 4155 526 4206 prtetex
542 4148 588 4192 hoc
605 4147 665 4203 loco,
682 4159 706 4194 et
724 4161 752 4194 ex
771 4145 853 4194 Curtio
869 4147 886 4195 l.
951 4147 975 4179 ⁸⁰
992 4145 1112 4210 Pythium]
1134 4145 1209 4205 Vulgo
1233 4143 1349 4207 Pythoum,
1370 4143 1432 4192 Mu·

378 4219 437 4254 vrrs.
449 4223 470 4256 c.
482 4211 505 4257 9.
516 4209 538 4255 in
551 4210 698 4274 descriptione
708 4211 787 4259 ludite.
917 4212 974 4259 eavit
985 4211 1089 4270 Sigonius
1100 4225 1129 4258 ex
1141 4209 1264 4258 Plutarcho
1277 4209 1302 4255 in
1314 4208 1395 4264 Paulo,
1404 4219 1433 4257 et

411 4269 434 4305 77
459 4270 579 4332 Speciwrm
600 4311 606 4322 .
624 4310 655 4325 ..
682 4279 755 4324 tulisse
779 4274 882 4336 tilulum]
919 4276 1044 4336 Stephano.

380 4332 508 4383 Gronovius
518 4337 572 4398 legit
581 4339 707 4399 pretulisse.
950 4339 969 4372 ⁸¹
992 4337 1078 4398 Urhcsn,
1089 4340 1146 4387 nihil
1163 4337 1282 4400 cunctatis]
1303 4337 1371 4386 Patet
1387 4353 1431 4386 ex·

411 4400 436 4435 ⁷⁸
462 4400 557 4449 Tantum
575 4405 645 4464 jussis
670 4405 699 4452 ad
726 4407 768 4453 iter
794 4401 884 4468 parsu]
918 4402 996 4452 cidisse
1008 4419 1093 4452 nomen
1106 4404 1177 4451 urhis.

378 4463 783 4533 Sigoniusenrendavit,quumprius
800 4471 887 4532 legere·
950 4468 972 4503 ⁶²
998 4465 1100 4532 Cyretias
1118 4483 1244 4531 oppugnare
1264 4464 1363 4531 mnus]
1388 4465 1431 4514 Sic

378 4539 510 4592 turparem.
918 4533 999 4582 hebrus
1017 4545 1083 4585 vetus
1099 4533 1224 4596 exemplar.
1257 4531 1363 4594 Sigonius
1377 4532 1432 4599 Jusf
