3184 5225
334 373 377 431 ἃ
762 369 846 430 Tm
865 367 966 430 LNll

170 530 312 584 masur.
339 523 372 585 in
395 520 588 608 Prytanm
617 521 732 601 (idest
753 524 907 605 pensuale
928 523 1022 600 urbis,
1048 523 1100 584 ubi
1120 523 1253 606 publice,
1280 520 1389 606 qulbus

171 595 314 646 mm·
340 611 367 671 is
381 611 480 672 bonos
497 610 585 672 datus
598 621 656 685 est,
682 609 858 688 rescrmtur)
874 629 947 670 rasa
971 629 1063 672 aurea
1086 629 1198 672 mensae
1219 611 1307 672 unius
1330 629 1388 695 po-

340 697 413 758 enit.
458 695 599 771 Rhodiis,
624 697 650 739 ⁸⁷
662 703 697 755 ut
720 695 797 756 nibil
814 715 906 756 unum
921 696 1050 778 insigne,
1073 695 1120 758 ita
1135 696 1234 758 omnis
1254 697 1388 778 generis,

341 795 377 844 ut
389 801 515 864 quaque
529 799 601 841 usus
616 801 722 841 eorum
737 781 978 862 possurlarerunt,
1001 781 1104 843 donna
1119 782 1216 846 dedit
1259 781 1387 865 Magni·

340 867 468 928 licentiae
481 887 553 927 vero
567 866 601 926 in
623 864 709 928 Deos
723 867 771 927 vel
792 865 880 928 louis
907 867 1042 951 Olympii
1069 869 1217 950 templum
1244 868 1387 947 Athenis,

341 972 434 1015 unum
451 952 482 1012 in
496 951 584 1014 terris
596 951 775 1015 inchoatum
790 973 847 1035 pro
863 953 1072 1036 magnitudine
1088 952 1159 1033 Dei,
1182 965 1286 1037 potest
1300 955 1388 1017 testis

341 1058 417 1100 esse.
460 1036 562 1098 l⁸Sed
587 1049 619 1099 et
642 1037 744 1100 Delon
768 1039 828 1100 aris
853 1039 1021 1122 insignibus
1046 1051 1276 1121 statuarumque
1297 1041 1390 1122 copia

341 1125 521 1186 exornavit:
555 1135 588 1185 et
610 1123 782 1187 Antiochiae
805 1123 892 1186 lovis
907 1125 1072 1208 Capitolini
1095 1125 1288 1208 magnificum
1305 1138 1386 1188 tem*

342 1212 438 1291 plum,
470 1230 533 1271 non
566 1210 742 1290 bqtieatum
776 1214 850 1272 suro
874 1223 1006 1288 tantum,
1041 1213 1095 1274 sed
1121 1211 1284 1296 parietibus
1310 1213 1386 1274 totis

294 1334 298 1342 ‚
342 1295 458 1357 latnina
471 1297 654 1373 inauratum,
669 1297 777 1357 etalio
790 1297 888 1360 multa
903 1299 934 1358 in
950 1298 1017 1365 aliis
1032 1299 1108 1360 locis
1124 1298 1287 1380 pollicitus,
1313 1297 1386 1379 quia

343 1383 487 1464 perbreve
502 1393 621 1466 tempus
635 1384 722 1464 regni
743 1381 808 1464 ejus
824 1382 891 1460 luit,
918 1405 980 1445 non
1005 1384 1141 1466 perfecit.
1186 1383 1386 1466 Spectaculo-

343 1488 410 1529 rum
437 1487 558 1550 quoque
582 1467 683 1530 omnis
706 1468 826 1550 generis
852 1469 1081 1550 magnificentia
1105 1471 1273 1552 superiores
1300 1489 1387 1552 reges

341 1554 416 1616 vicit
425 1578 444 1631 3·
458 1557 484 1593 ⁸⁹
496 1555 679 1634 reliquorum
693 1556 740 1616 sui
754 1554 859 1632 moris,
884 1569 916 1616 et
931 1557 1021 1637 copia
1034 1553 1210 1617 Graecorum
1225 1556 1387 1619 artificum.

340 1637 552 1702 Gladiatorium
578 1659 686 1702 munus
721 1638 866 1702 Romana
891 1640 1120 1702 consuetudinis
1144 1642 1243 1724 primo
1270 1640 1387 1722 majore

340 1745 411 1787 cum
424 1739 551 1789 terrore
573 1727 743 1804 bominum,
780 1727 967 1788 insuetorum
995 1727 1034 1788 ad
1070 1727 1131 1788 tale
1166 1727 1386 1810 spectaculum,

339 1833 432 1892 quarn
454 1812 620 1894 uoluptate,
644 1812 748 1874 dedit:
781 1811 893 1876 dende
919 1812 1027 1894 saepius
1054 1812 1166 1890 dando,
1192 1824 1225 1875 ct
1250 1817 1277 1854 ⁹⁰
1290 1811 1384 1874 modo

339 1899 510 1960 mnenbus
533 1909 632 1975 tenus,
660 1898 755 1960 rnodo
779 1897 846 1958 sine
872 1898 1015 1960 missione
1039 1899 1143 1976 etiarn,
1168 1909 1201 1960 et
1235 1899 1386 1960 familiare

341 1985 437 2045 oculis
463 1996 641 2067 gratumque
656 1983 687 2045 id
703 1985 909 2067 spectaculum
926 1984 1010 2062 fecit,
1029 1995 1062 2045 et
1075 2003 1227 2046 armorum
1253 1983 1387 2046 sardium

339 2071 488 2152 plerisque
510 2069 656 2151 juvenum
681 2070 832 2131 accendit.
876 2067 996 2150 ltaque,
1022 2070 1074 2150 qui
1103 2073 1200 2152 primo
1226 2071 1264 2132 ab
1285 2070 1386 2132 Roma

340 2156 458 2251 magrris
484 2157 614 2238 praemiis
640 2167 766 2238 paratos
792 2155 978 2237 gladiatores
1000 2177 1152 2218 arcessere
1177 2157 1283 2219 solitus
1306 2169 1384 2233 erat,

335 2261 403 2321 Jam
417 2262 473 2304 suo

726 2349 742 2380 O
864 2349 879 2382 ὖ
998 2349 1015 2382 G

381 2431 472 2496 XXI.
495 2433 557 2474 *ii*
573 2433 625 2512 pio
651 2431 729 2492 inter
756 2430 943 2512 peregrinos.
986 2429 1034 2492 M.
1059 2431 1155 2495 Atilio
1181 2431 1298 2513 praetori
1313 2451 1387 2512 pro-

339 2517 440 2580 vincia
465 2514 606 2580 Sardinia
631 2517 815 2580 obvenerat:
859 2518 913 2580 sed
938 2537 1008 2578 cum
1034 2516 1155 2597 legione
1181 2537 1268 2592 nora,
1296 2535 1389 2596 quam

286 2680 295 2691 ⁴
341 2604 483 2667 consules
499 2602 752 2685 conscripserant,
778 2603 910 2685 quinque
935 2601 1066 2666 millibus
1091 2602 1227 2683 peditum
1243 2603 1389 2663 trecentis

341 2690 503 2771 equitibus,
527 2691 560 2751 in
574 2687 732 2751 Corsicam
746 2688 848 2770 jussus
863 2703 911 2754 est
925 2688 1062 2751 transire.
1077 2689 1149 2750 dum
1165 2688 1191 2751 is
1207 2687 1248 2749 ibi
1272 2686 1388 2749 bellum

341 2787 470 2925 sss
485 2774 877 2944 sse,
903 2859 1132 2942 H
1145 2769 1386 2837 ⁸

341 3076 390 3123 sive
438 3072 500 3121 blico
517 3082 612 3135 sumptu
631 3069 660 3117 ali
683 3068 772 3124 minos,
797 3067 849 3130 qui·
882 3080 966 3129 nempe
976 3065 1129 3125 gladiatorium
1141 3078 1238 3111 munus:
1262 3060 1387 3125 quodqui-

344 3141 388 3187 bus
406 3154 426 3186 rs
443 3138 516 3185 honos
532 3139 597 3184 datus
607 3146 651 3191 est,
669 3135 692 3182 irl
709 3134 851 3182 deritbenir
882 3131 935 3179 tem
946 3128 1275 3194 primonrrjoreeumterrore
1293 3162 1300 3175 .
1317 3160 1324 3175 .
1339 3126 1388 3175 Λι-

345 3204 487 3255 soti-imum
509 3213 545 3250 est
565 3200 678 3248 omnibus.
712 3194 758 3247 set
780 3210 805 3245 et
826 3198 850 3245 in
882 3196 955 3243 titicer
972 3194 1009 3243 bic
1027 3194 1167 3254 intelligendi
1185 3201 1251 3251 runt,
1271 3203 1297 3239 ut
1319 3190 1336 3239 l.
1360 3204 1386 3239 ν.

345 3270 395 3319 aliis
413 3284 503 3332 quoque
521 3265 608 3314 Graecis
628 3264 720 3312 urbibus
741 3264 851 3311 eumdem
884 3276 959 3325 supra,
975 3274 995 3309 c.
1010 3260 1029 3307 l.
1041 3259 1056 3306 ii
1074 3274 1170 3322 quorum
1181 3273 1252 3323 opera
1268 3256 1315 3303 ludi
1331 3268 1385 3319 per·

346 3350 434 3385 morem
451 3343 565 3382 mnarum
585 3344 643 3385 esse,
658 3328 695 3378 bic
711 3329 851 3377 1oeusteni-
883 3337 991 3386 nentur,
1006 3322 1203 3386 parrhisiense,
1219 3319 1385 3380 ulneoreatl-

345 3401 477 3449 masicen.
884 3390 978 3446 bicines,
988 3390 1032 3437 dcc.
1238 3432 1242 3439 ,

378 3464 400 3498 ⁸⁷
415 3462 457 3524 Ut]
479 3460 592 3508 Particula
611 3469 638 3506 us
657 3457 745 3520 adjecta
764 3468 800 3506 est
821 3473 850 3505 ex
915 3456 939 3491 2⁰
950 3453 1015 3502 Modo
1031 3452 1155 3500 vulnen'bns
1174 3461 1244 3509 tenus,
1264 3451 1387 3497 medecina

349 3522 652 3575 Freinshemi‘retGronorii
662 3524 786 3571 unoentb.
883 3522 980 3566 mbae
996 3514 1072 3577 edam]
1108 3517 1181 3565 Modo
1200 3517 1231 3563 ite
1247 3514 1389 3562 utvulnera-

381 3592 456 3638 ⁸⁸Sed
489 3596 510 3635 et
542 3585 613 3633 Delon
643 3588 688 3633 eris
721 3583 853 3651 insigrribru]
885 3596 966 3631 rentur
981 3592 1072 3629 tanturn
1083 3578 1223 3640 gladiatores,
1241 3595 1286 3627 non
1301 3576 1389 3626 interli-

349 3656 396 3705 Hic
408 3656 463 3705 oiim
478 3651 595 3713 legebatis
607 3649 760 3699 meum
793 3647 853 3695 Cor·
886 3660 1012 3703 cerenicus
1051 3647 1120 3693 modo
1145 3648 1173 3693 ad
1200 3660 1281 3692 necem
1308 3656 1391 3705 usque.
1429 3702 1432 3716 ¹

348 3734 429 3771 terere
455 3716 547 3765 Vossius
572 3728 597 3773 et
621 3712 758 3761 Gronovius.
792 3709 854 3761 nee
887 3712 963 3761 Minio
981 3718 1031 3758 ent
1051 3710 1122 3770 grstia
1142 3710 1259 3758 deserendi
1284 3720 1393 3771 pugnam,

349 3786 479 3836 emendacio
497 3783 517 3829 si
527 3796 580 3828 uera
591 3790 634 3836 est,
650 3778 691 3825 hic
702 3776 780 3823 Livius
796 3792 853 3841 psu-
887 3792 939 3841 quae
949 3776 1044 3823 dabutur
1053 3774 1171 3836 aliquando
1182 3775 1245 3823 victis
1259 3772 1391 3837 gladiatori·

349 3853 399 3901 lum
414 3848 519 3899 discent
539 3863 552 3892 ιι
569 3843 671 3907 Polybio,
697 3841 736 3903 qui
751 3840 854 3903 loquitur
886 3842 935 3889 bus.
953 3840 1120 3888 Ounmaureru
1135 3838 1391 3901 placeretutsousqm

349 3914 509 3965 antummodo
519 3912 549 3959 de
559 3908 639 3958 natus
656 3906 714 3954 circa
725 3904 780 3952 Deli
791 3920 854 3953 arem
885 3916 1023 3969 pugnaretur
1033 3906 1105 3951 donec
1116 3904 1227 3951 alteruter
1237 3903 1392 3957 occumberet,

350 3982 378 4028 ab
390 3978 505 4028 Antiocho
515 3975 601 4039 positis.
885 3970 1005 4018 dicebatur
1012 3984 1084 4031 pugna
1094 3969 1140 4016 sine
1149 3969 1252 4015 merisne.
1277 3968 1315 4014 Sic
1327 3966 1389 4013 Flor.

382 4042 558 4103 ablieir'quorura
572 4042 607 4086 rai
626 4034 701 4098 norb]
726 4032 778 4081 Vox
800 4032 854 4079 reli.
886 4035 901 4081 i
923 4048 963 4081 rn.
983 4048 1004 4080 c.
1025 4034 1065 4081 20.
1087 4034 1115 4080 de
1139 4033 1242 4095 Spartaci
1263 4031 1394 4081 militibnsr

350 4122 442 4169 qrromm
464 4106 575 4166 pensem
596 4101 735 4167 precedenti
759 4100 853 4146 nomine
886 4100 975 4161 dignm
995 4098 1047 4143 uiris
1064 4100 1131 4145 siim
1152 4104 1253 4145 mortem:
1279 4103 1310 4155 et,
1331 4095 1389 4155 quod

350 4170 527 4231 rpenaorlorum.
560 4167 625 4215 Dicit
646 4164 723 4212 Livius
748 4163 776 4210 sb
799 4162 852 4209 Αιι-
885 4162 924 4209 nab
931 4162 1054 4225 gladiatore
1063 4162 1119 4209 (luce
1127 4162 1232 4219 oportuit,
1242 4160 1395 4209 suonam

350 4235 427 4283 tiocho
445 4241 560 4295 superatos
578 4245 626 4277 ease
645 4229 771 4294 superiores
788 4240 854 4286 reges
882 4226 1008 4289 pugnatum
1025 4232 1064 4271 ert.
1096 4224 1154 4271 Vide
1170 4225 1234 4288 pura
1252 4222 1309 4287 apud
1327 4222 1390 4285 Lips.

350 4297 515 4361 magnificentia
558 4294 736 4356 specncmomm
778 4292 853 4339 omnir
885 4291 979 4337 saturn.
992 4289 1071 4337 unul.

350 4366 449 4428 generis,
468 4358 676 4421 exquibusceterr
696 4359 765 4406 moris
776 4355 854 4402 Graeci
917 4354 938 4389 ⁹¹
953 4352 1052 4398 Cornelio
1095 4360 1234 4415 prorogatun
1265 4350 1394 4413 imperium]

350 4440 424 4486 eraut,
440 4438 465 4473 et
480 4440 534 4475 cum
552 4424 617 4484 copis
631 4420 766 4471 Graecorum
782 4420 853 4469 artifi-
887 4418 951 4467 Hinc
961 4427 1054 4479 apparet
1063 4416 1196 4467 Cornelium
1204 4419 1320 4485 superiore
1330 4430 1391 4465 uino

351 4512 424 4555 cum;
451 4504 524 4539 unum
547 4487 657 4535 mem
678 4486 857 4541 musuetrrdinis,
887 4494 1009 4549 pretorem
1023 4480 1105 4530 fuisse.
