3184 5225
462 267 539 327 Lm.
553 267 647 330 XLV.
667 268 748 329 CAP.
761 269 907 330 XXXIX.
1150 278 1210 332 209

159 423 275 485 ‘cunta
300 423 374 485 satis
390 422 510 505 insuper
525 445 545 485 a
559 424 643 487 vobis
660 426 690 487 in
715 424 917 489 Rabirianam
948 424 1063 489 Literni
1075 426 1206 489 domici·
1219 423 1360 477 ihc-⁵⁸⁵·

156 510 170 543 ⁴
185 510 259 571 lium
275 523 307 571 et
322 508 427 571 sedern
439 510 529 583 luisse
546 510 706 573 domitoris
721 510 849 575 Africae!
873 510 1019 575 ⁸‘literni
1034 514 1206 597 sepulcrum
1218 490 1291 544 M·
1304 494 1359 543 ¹⁶⁷·

155 596 171 629 ⁴
185 592 322 658 ostendi!
346 594 579 677 Erubescamus,
591 596 688 679 gloria
702 598 727 659 si
743 619 799 681 par
809 598 869 661 illis
881 598 953 661 viris
967 597 1003 661 L.
1017 598 1149 679 Paullus,
1158 601 1207 663 in·

161 680 262 764 ‘juria
273 693 372 743 vestra
383 694 566 763 exaequetur.
589 680 664 745 Hac
676 684 768 765 igitur
779 685 913 767 primunr
924 685 1051 749 infamia
1062 685 1209 765 deleatur,

161 767 171 799 ‘
186 768 268 831 foeda
283 768 363 850 apud
379 767 453 830 alias
466 781 585 850 gentes,
600 770 747 833 damnosa
763 772 846 853 apud
860 783 991 835 nostros.
1035 770 1111 843 Quis
1125 774 1208 835 euim

159 854 241 916 ‘aut
255 854 401 933 Africani,
426 867 479 917 aut
507 854 613 933 Paulli,
639 856 746 918 similis
759 878 827 919 esse
847 855 879 919 in
895 857 1017 941 ingrata
1030 870 1063 921 et
1085 859 1210 922 inimica

162 940 276 1003 ‘bonis
298 941 423 1005 civitate
444 940 536 1004 velit?
571 940 603 1003 Si
626 943 753 1005 infamia
774 943 859 1005 nulla
880 956 972 1023 esset,
994 958 1028 1007 et
1051 944 1089 1007 dc
1113 946 1211 1029 gloria

157 1026 172 1059 ¹
189 1040 306 1089 tantum
322 1038 472 1109 ageretur,
482 1030 533 1111 qui
548 1029 674 1092 tandem
686 1030 858 1113 triumphus
868 1050 929 1092 non
941 1052 1138 1094 communem
1153 1054 1210 1094 no·

158 1114 277 1175 ‘minis
294 1112 424 1176 Romani
447 1116 575 1197 gloriam
591 1116 704 1179 habet?
727 1114 791 1179 'l'ot
807 1116 845 1178 de
868 1114 965 1180 Gallis
980 1117 1139 1201 triumphi,
1161 1130 1211 1181 tot

156 1200 173 1232 ¹
189 1200 226 1262 de
239 1198 397 1283 Hispanis,
409 1212 457 1264 tot
469 1200 507 1265 tle
522 1201 634 1280 Poenis,
646 1204 779 1286 ipsorum
796 1213 916 1266 tantum
928 1204 1158 1287 imperatorum,
1169 1226 1210 1267 an

160 1286 292 1371 ‘populi
309 1286 451 1366 Romani,
476 1288 639 1351 dicuntur?
674 1289 941 1361 Quemadmodum
955 1311 1019 1353 non
1040 1289 1079 1353 de
1096 1290 1211 1377 Pyrrho

159 1372 172 1405 ¹
190 1374 293 1449 modo,
309 1394 366 1435 nec
378 1374 416 1436 de
432 1373 617 1454 Hannibale,
629 1374 683 1439 sed
694 1375 731 1437 de
742 1372 878 1458 Epirotis
890 1374 1211 1459 Karthaginiensibus·

161 1458 173 1491 ‘
191 1480 247 1541 que
264 1460 410 1545 triumphi
426 1460 487 1523 acti
503 1475 593 1539 sunt3
617 1460 669 1525 Sic
685 1483 747 1525 non
763 1460 822 1525 Μ’.
838 1460 944 1525 Curius
959 1474 1090 1541 tantum,
1106 1485 1162 1526 nee
1176 1462 1213 1527 P.

158 1544 171 1579 ‘
191 1542 360 1624 Cornelius,
373 1548 428 1609 sed
444 1546 575 1610 Romani
590 1549 824 1633 triumpharunt.
846 1546 984 1611 Militum
998 1550 1122 1631 quidem
1138 1572 1212 1633 pro·

158 1632 172 1665 ‘
193 1634 258 1714 pria
269 1644 316 1695 cst
331 1654 458 1712 caussa3
482 1636 532 1716 qui
545 1645 577 1698 et
591 1635 648 1719 ipsi
661 1634 799 1713 laureati,
810 1648 842 1698 et
853 1635 978 1720 quisque
994 1637 1093 1715 donis,
1104 1638 1212 1719 quibus

160 1716 173 1751 ‘
194 1718 298 1781 donati
314 1731 396 1797 sunt,
410 1720 555 1803 insignes,
566 1722 785 1805 ‘itriunrphum
796 1718 920 1784 nomine
936 1716 1030 1803 cient,
1041 1744 1170 1805 suasque
1181 1732 1215 1785 et

160 1804 171 1837 ³
194 1804 384 1888 imperatoris
400 1807 504 1869 laudes
518 1818 662 1869 carrentes
676 1828 730 1891 per
745 1809 852 1870 urbem
867 1808 1024 1871 incedunt.
1047 1808 1214 1891 Siquando

158 1891 170 1924 ‘
189 1913 253 1953 nou
269 1892 424 1975 deportati
447 1913 486 1954 ex
502 1894 657 1974 provincia
671 1894 782 1956 milites
798 1894 839 1956 ad
860 1894 1048 1978 triumphum
1063 1896 1136 1972 sint,
1153 1896 1215 1957 fre·

158 1978 170 2011 ‘
190 1992 303 2041 munt:
327 1990 360 2040 et
374 1990 476 2041 tamen
499 1992 563 2041 tum
579 2000 698 2061 quoque
714 2000 746 2041 se
769 1978 922 2056 absentes,
937 1979 1021 2062 quod
1039 1980 1101 2041 suis
1116 1981 1215 2043 maai·

157 2064 170 2098 ‘
189 2066 249 2127 bns
265 2078 355 2147 parta
371 2065 497 2127 victoria
512 2066 562 2143 sit,
574 2066 762 2149 triumphare
779 2064 918 2127 credunt.
963 2063 996 2127 Si
1012 2065 1080 2146 quis
1093 2086 1147 2127 ros
1169 2066 1217 2129 in·

157 2151 170 2184 ‘
186 2164 342 2233 terrogat,
359 2152 478 2229 milites,
494 2152 640 2233 adquam
657 2172 720 2215 rem
736 2152 768 2214 in
783 2150 905 2213 ltaliam
920 2151 1087 2234 deportati,
1109 2164 1142 2215 et
1154 2172 1219 2215 noa

160 2237 171 2271 ‘
187 2239 310 2316 statim,
333 2238 473 2301 conlecta
488 2229 654 2321 pro'vineia,
669 2238 785 2300 dimissi
801 2236 889 2299 sitis?
921 2238 995 2319 qnid
1010 2235 1141 2300 Romam
1156 2238 1217 2299 fre·

157 2323 170 2356 ‘
184 2338 320 2409 quantes
330 2325 387 2387 sub
397 2324 490 2407 signis
499 2324 652 2403 veneritis,
663 2324 737 2406 quid
747 2322 906 2387 moremini
920 2324 981 2401 hic,
990 2334 1023 2385 et
1032 2343 1094 2385 non
1107 2324 1217 2386 diversi

159 2410 304 2473 ‘domos
328 2412 454 2493 quisque
481 2412 596 2473 abeatis
621 2410 760 2473 vestras?
793 2410 867 2491 quid
887 2408 971 2471 aliud
996 2410 1217 2491 respondeatis,

159 2498 287 2579 ‘quarn
310 2520 365 2559 vos
390 2498 612 2581 triurnphantes
637 2496 731 2561 videri
752 2495 848 2559 velle?
872 2494 970 2559 ⁸'Vos
985 2508 1068 2559 certe
1086 2498 1217 2560 victores

158 2582 171 2618 ‘
186 2586 333 2668 conspici
348 2584 423 2648 velle
438 2582 614 2648 debebatis!

199 2669 364 2734 XXXIX.
387 2669 641 2755 ‘Triumphatunr
652 2693 749 2754 nuper
761 2671 800 2734 de
811 2669 964 2756 Philippo,
975 2685 1063 2756 patre
1074 2671 1175 2755 hujus,
1187 2683 1220 2735 et

159 2759 171 2792 ¹
187 2759 229 2820 de
246 2757 406 2820 Antiocho
417 2770 473 2821 est.
489 2759 579 2821 ambo
592 2759 770 2841 regnabant,
781 2779 875 2842 quum
887 2759 926 2821 de
939 2759 986 2820 his
998 2759 1219 2843 triumphatum

158 2845 171 2878 ‘
186 2857 250 2908 est.
297 2844 346 2906 De
361 2844 472 2908 Perseo
487 2857 590 2928 capto,
614 2845 645 2908 in
661 2845 765 2908 urbem
781 2866 851 2908 curn
874 2844 976 2908 liberis
991 2846 1134 2924 abducto,
1156 2867 1220 2908 non

160 2931 452 3015 ‘triumphabiturl
486 2931 577 3003 Quod
602 2932 627 2992 si
652 2933 792 2994 incurro
816 2932 998 2995 scandentes
1021 2931 1221 3016 Capitolium,

160 3017 173 3050 ‘
191 3030 317 3080 auratos
332 3031 584 3102 purpuratosque,
606 3037 643 3080 ex
659 3017 800 3080 inferiore
814 3017 883 3081 loco
899 3017 934 3081 L.
948 3017 1069 3102 Paullus
1083 3021 1115 3080 in
1130 3018 1221 3080 turba

160 3103 174 3138 ‘
192 3115 371 3188 togatorum
387 3127 464 3167 unus
479 3105 611 3188 privatus
626 3106 814 3187 interroget:
850 3102 887 3166 L.
901 3103 1003 3182 Araiai,
1025 3103 1084 3166 Cn.
1098 3103 1221 3179 Octavi,

160 3189 173 3224 ‘
189 3207 297 3254 utrum
309 3213 363 3254 vos
379 3191 530 3274 digniores
542 3191 695 3273 triumpho
708 3211 785 3268 esse,
802 3211 841 3252 aa
854 3211 916 3267 nre,
928 3189 1075 3250 censetis?
1100 3209 1221 3250 currum

159 3277 224 3340 ‘ei
241 3279 365 3358 cessuri,
389 3291 421 3340 et
446 3299 506 3361 pra
528 3277 643 3362 pudore
659 3277 800 3339 videntur
823 3275 957 3358 insignia
971 3275 1029 3357 ipsi
1056 3295 1111 3336 sua
1125 3274 1221 3338 tradi·

195 3433 222 3470 ⁸⁶
240 3433 330 3483 literni
341 3437 465 3497 sepulcrum
474 3436 570 3484 ostnrdil
587 3435 682 3483 Erulea·
714 3445 817 3482 mentem
828 3431 936 3480 affectam
946 3431 1094 3497 supprimitur
1108 3433 1225 3494 integram

157 3503 364 3565 maginharii
378 3501 432 3564 ραν]
451 3501 509 3549 Hac
529 3515 608 3566 patirur
628 3515 682 3548 rana
713 3500 822 3546 orationis
841 3498 980 3545 membrum.
1012 3496 1091 3558 virgil.
1106 3500 1163 3547 AEn.
1174 3498 1192 3545 l.
1203 3511 1225 3546 1.

157 3583 216 3616 esse
229 3579 313 3614 monet
325 3567 464 3622 Gronovius,
471 3578 494 3614 et
506 3567 529 3613 in
539 3567 683 3614 emendando
717 3563 781 3612 lllnu
800 3561 877 3612 itioris
889 3563 1011 3610 munim
1020 3565 1100 3622 rumpis
1116 3560 1168 3609 Noa
1183 3579 1224 3624 po-

157 3633 268 3681 multam
289 3634 369 3680 audet.
409 3632 445 3679 Sic
464 3632 588 3684 enimbat
605 3631 683 3678 arania
714 3630 797 3678 tuisse!

155 3698 274 3758 refingit:
291 3699 344 3744 satis
355 3699 443 3757 iamper
453 3699 520 3744 nosin
532 3695 558 3745 P.
570 3695 685 3762 Africam,
747 3691 932 3754 ”Triumphum
950 3693 1035 3738 aomina
1054 3689 1123 3750 cierat]
1151 3689 1227 3738 iacis·

157 3759 684 3826 Liternidomiciliumetoedemjiaissedonitvn‘s
716 3756 800 3806 mantis
814 3759 906 3821 sapius,
922 3755 1075 3817 intonantia.
1108 3755 1227 3814 Horatius,

160 3826 267 3890 Africa,
277 3823 366 3873 literni
374 3827 496 3888 Quietum
505 3825 684 3882 ostendi,eruier·
717 3823 764 3872 Od.
775 3824 800 3875 2.
810 3823 828 3872 l.
840 3836 875 3871 ιν.
883 3826 903 3869 io
911 3821 1028 3881 triumphe,
1037 3819 1086 3868 Noa
1095 3821 1158 3868 ursel
1167 3821 1226 3868 dica

162 3893 253 3937 cinara.
271 3889 375 3937 Gloriam
385 3907 427 3952 μιν
437 3891 481 3938 iilis
493 3893 544 3938 riris
552 3889 580 3939 L.
593 3889 687 3945 Paulus,
717 3903 774 3942 nus.
786 3890 807 3934 io
817 3886 935 3948 triumphe,
947 3887 1030 3933 Ciuitas
1039 3888 1114 3934 onais.

159 3955 261 4016 injurio
271 3957 334 4002 atione
345 3964 416 4002 cestra
428 3955 591 4018 mquahituri
612 3953 686 4002 Nobis
751 3953 773 3987 ⁸⁸
793 3952 833 4000 l'ot
842 3967 874 4000 cer
880 3961 900 3998 te
907 3953 998 3999 uictam
1004 3953 1096 4011 sinopici
1106 3951 1228 4000 nitedula·

158 4021 225 4069 haec
239 4021 372 4068 emendatio
383 4020 477 4068 minime
488 4019 611 4070 blanditur.
631 4020 685 4068 Ms-
718 4017 784 4082 batis]
800 4017 888 4064 lasalsa
899 4029 923 4064 et
934 4018 1020 4076 ingrata
1032 4015 1146 4078 repetitio.
1170 4015 1229 4066 Noa

156 4085 250 4134 lunius
260 4085 335 4133 lacurn
345 4089 458 4134 intactum
468 4085 605 4148 relinquere.
621 4085 686 4132 Tun·
718 4099 836 4147 possumus
851 4081 944 4129 credere
955 4081 1005 4128 baec
1022 4079 1054 4128 tic
1065 4097 1080 4128 a
1091 4081 1163 4139 livio,
1177 4083 1228 4130 rina

157 4153 294 4201 tammodo
302 4163 380 4199 notam
389 4151 546 4206 admirationis
553 4151 688 4206 addidimus,
719 4149 764 4196 ulla
776 4148 921 4202 nominate,
935 4143 984 4193 sine
996 4145 1043 4193 nilo
1052 4146 1074 4193 le
1118 4163 1140 4204 e,
1153 4147 1232 4196 iacal·

157 4231 191 4265 at
215 4217 261 4264 hio
279 4231 329 4264 esse
340 4231 423 4264 sensas
434 4216 587 4275 inteligitur:
609 4213 687 4270 Quam
720 4227 839 4264 anteesse.
856 4210 984 4259 Veientum
995 4162 1118 4260 nutricii
1131 4224 1232 4276 oportet,

157 4283 306 4344 pudendum
317 4281 384 4330 nobis
395 4291 442 4338 est,
456 4277 542 4328 Literni
556 4283 689 4330 domicilium
721 4279 757 4327 val
768 4278 813 4325 alio
823 4277 896 4340 rejici.
927 4277 1078 4339 sedquoniam
1093 4291 1145 4342 apte
1155 4290 1231 4325 traaa-

157 4355 183 4396 et
197 4347 351 4410 sedenjhiue
362 4347 474 4394 ianitoris
486 4343 581 4410 isrierl
603 4345 689 4393 Literni
721 4344 775 4394 leni
786 4343 862 4406 raaia,
871 4357 917 4392 nan
928 4343 981 4392 satis
989 4353 1052 4393 certo
1062 4344 1196 4408 reperimus.

151 4412 297 4475 ,quarternos
308 4411 406 4460 maadi!
428 4409 483 4459 Noa
501 4425 551 4460 raro
562 4427 603 4476 per
619 4410 690 4462 reba·

210 4497 298 4543 ἴθι.
314 4500 362 4544 Ν.
770 4495 790 4541 Ρ
