3184 5225
524 289 882 401 uroixtmctnv.
1186 326 1228 398 ss

182 482 283 553 erant,
311 470 362 553 qui
377 470 494 553 legatos
517 473 685 535 mittendos
710 472 751 535 ad
765 492 874 555 pacem
899 472 1038 553 precibus
1061 471 1226 555 petendam
1240 477 1382 529 Mitt

181 568 360 619 censerentr
395 556 591 640 civitatesque
606 560 788 643 complures,
803 580 842 620 eo
861 556 973 621 nuncio
988 558 1103 637 audito,
1117 559 1149 620 in
1171 559 1226 621 ‹le-
1240 542 1314 595 M·
1328 540 1385 594 ¹⁷⁰·

184 642 334 705 ditionem
358 656 517 706 venerunt.
539 646 646 726 quibus
670 644 868 727 purgantibus
889 665 967 722 sese,
993 644 1172 727 culpamque
1193 645 1227 707 in

184 730 312 792 duorum
338 730 506 793 amentiam
533 730 772 809 conferentibus,
799 731 851 811 qui
878 751 910 791 sc
936 729 1016 792 ultro
1043 731 1084 791 ad
1104 751 1228 812 poenam

182 814 243 897 ipsi
272 814 464 893 obtulissent,
491 836 583 897 quum
609 812 729 901 veniam
756 816 891 878 dedisset
916 827 1044 898 proetor;
1077 816 1230 899 proiectus
1311 846 1315 853 ·

183 899 339 983 externplo
363 900 403 961 ad
428 900 503 963 alias
527 902 675 984 civitates,
699 902 840 963 omnibus
863 902 1015 984 imperata
1041 900 1231 979 iacientibus,

169 984 290 1065 ‚quieto
316 985 450 1047 exercit-r
480 999 623 1067 pacatum
652 1008 771 1071 agrum,
801 987 854 1069 qui
882 986 986 1071 paullo
1016 999 1088 1049 ante
1115 986 1232 1069 ingenti

187 1069 320 1133 tumultu
349 1082 474 1149 arserat,
503 1073 683 1153 peragravit.
741 1070 818 1136 Haec
856 1074 966 1137 lenitas
994 1073 1144 1155 pretoris,
1173 1091 1234 1154 qua

170 1156 253 1225 ,sine
284 1157 431 1238 sanguine
461 1155 683 1239 ferocissimam
705 1170 830 1238 gentem
857 1158 1027 1237 domuerat,
1049 1179 1089 1221 eo
1116 1158 1233 1239 gratior

169 1240 269 1325 ‚plebi
286 1241 484 1322 Patribusque
509 1240 578 1319 tuit,
603 1262 662 1322 quo
689 1242 839 1304 crudelius
860 1245 1037 1325 avariusque
1063 1244 1096 1305 in
1117 1240 1235 1306 Gracia

186 1326 347 1403 bellatum,
373 1340 406 1389 et
435 1328 475 1388 ab
505 1326 628 1388 consule
653 1322 773 1387 Licinio
803 1339 836 1387 et
860 1328 899 1388 ab
926 1326 1068 1390 Lucretio
1094 1339 1235 1409 praetore,

170 1425 266 1483 erat.
310 1410 485 1475 Lucretium
513 1411 627 1475 tribuni
643 1410 740 1493 plebis
763 1412 921 1474 absentem
946 1413 1144 1476 concionibus
1159 1414 1233 1475 assi·
1246 1422 1275 1473 tn
1286 1422 1373 1501 tque-

189 1498 258 1561 duis
285 1498 472 1577 lacerabant,
499 1517 591 1579 quum
616 1496 785 1579 reipublice
812 1518 920 1559 camna
943 1498 1048 1559 abesse
1073 1491 1382 1561 excusare-fiunm

191 1596 259 1646 tur:
294 1584 349 1647 sed
364 1594 429 1647 tum
446 1582 524 1646 adeo
539 1584 638 1646 vicina
661 1583 755 1645 etiam
769 1582 962 1666 inexplorata
983 1597 1081 1662 erant,
1104 1595 1140 1647 ut
1154 1584 1179 1645 is
1198 1605 1235 1647 eo
1246 1555 1334 1669 {untur
1343 1550 1389 1601 ἢ

192 1682 329 1754 tempore
344 1671 376 1732 in
391 1691 466 1755 agro
477 1690 532 1731 suo
542 1670 763 1748 Antiatiesset,
775 1689 946 1750 aquamque
957 1690 996 1731 ex
1007 1670 1158 1732 manubiis
1169 1669 1236 1731 An-

191 1756 269 1818 tium
285 1778 323 1819 ex
346 1757 469 1819 flumine
484 1753 642 1819 laoracinae
664 1754 799 1819 duceret.
843 1752 880 1817 Id
901 1775 978 1839 opus
1001 1759 1160 1818 ¹³centum
1180 1757 1236 1817 tri-

190 1840 280 1923 ginta
293 1840 427 1905 millibus
449 1843 513 1905 aris
537 1842 653 1904 locasse
676 1840 797 1903 dicitur.
821 1841 932 1905 tabulis
955 1862 1074 1922 quoque
1087 1842 1178 1925 pictis
1198 1862 1238 1904 ex

191 1928 295 2011 praeda
316 1927 421 1991 fanum
441 1924 612 2011 AEseulapii
635 1926 805 1989 exornavit.
850 1924 997 1989 iuvidiam
1022 1927 1238 2008 infamiamque

190 2013 232 2075 ab
258 2010 403 2077 larcretio
427 2026 602 2077 averterunt
626 2014 695 2089 ¹⁴‚iu
722 2010 925 2075 Hortensium
950 2034 1153 2076 successorem
1175 2014 1239 2095 ejus

94 2093 101 2103 '
188 2096 345 2161 Abderita
361 2100 390 2161 le
430 2098 583 2179 ti‚flentes
596 2112 668 2163 ante
683 2101 811 2178 curiam,
821 2110 1053 2185 querentesque,
1067 2099 1077 2132 ‘
1093 2099 1240 2182 oppidum
1253 2102 1373 2153 amenta·
1401 2162 1409 2183 ,

190 2184 204 2218 ‘
217 2204 305 2247 suurn
321 2186 361 2246 ab
408 2186 541 2247 ortensio
557 2198 766 2269 expugnatum
778 2206 815 2271 ac
831 2186 985 2267 direptum
997 2205 1072 2247 esse.
1095 2182 1240 2247 Caussam
1251 2179 1396 2283 ssmdffi*
1420 2246 1424 2251 ,

192 2270 206 2302 ⁴
219 2270 332 2332 excidii
358 2271 450 2333 fuisse
465 2270 544 2345 urbi,
565 2270 659 2351 quod,
674 2292 767 2357 quum¹
793 2273 819 2311 ¹⁵
830 2282 954 2334 centum
968 2270 1066 2333 millia
1081 2270 1240 2333 denarium
1252 2300 1337 2352 meu.
1358 2245 1398 2280 ⁰¹-

191 2354 253 2418 ‘et
282 2356 413 2417 ¹6tritici
429 2356 652 2437 quinquaginta
672 2356 768 2419 millia
782 2354 924 2419 modibm
946 2357 1120 2438 imperaret,
1141 2360 1240 2441 ¹⁷spa-

191 2440 299 2503 ‘tium
315 2442 480 2523 petierunt,
496 2458 557 2521 quo
581 2442 620 2503 de
635 2462 672 2503 ea
686 2464 717 2505 re
733 2455 764 2503 et
781 2442 821 2503 ad
836 2437 1005 2504 Hostilium
1020 2432 1187 2521 consulein,
1206 2457 1242 2505 et

172 2526 202 2597 ‚‘
218 2524 354 2589 Romam
371 2528 529 2589 mitterent
552 2528 679 2609 legatos.
724 2520 859 2589 Vixdum
882 2526 922 2589 ad
945 2518 1100 2590 consulem
1115 2550 1148 2589 se
1169 2550 1240 2610 per-

192 2613 348 2690 ‘venisse,
370 2625 403 2675 et
418 2612 537 2676 audisse
559 2613 706 2696 oppidum
729 2625 950 2696 expugnatum,
994 2615 1123 2698 rincipes
1142 2617 1240 2677 securi

192 2695 390 2781 ‘percussos
414 2699 469 2761 sub
484 2719 599 2761 corona
620 2712 738 2764 ceteros
752 2698 892 2786 venisse?
937 2635 1100 2782 ¹⁸indigna
1120 2703 1240 2764 senatui

190 2783 269 2846 visa:
293 2785 550 2867 decreveruntque
565 2786 674 2848 eadem
697 2785 735 2848 de
749 2785 918 2865 Abderitis,
940 2807 1007 2868 quae
1024 2783 1062 2848 de
1085 2783 1240 2850 Coronaeis

192 2869 388 2934 decreverant
414 2873 515 2954 priore
540 2893 642 2952 annot
676 2871 846 2954 eademque
872 2894 929 2956 pro
950 2872 1099 2936 concione
1121 2874 1239 2934 edicere

194 2953 267 3027 ²⁹Q.
284 2953 430 3020 Maenium
445 2969 607 3040 praetorem
625 2957 789 3039 jusserunt.
833 2955 881 3032 ur
890 2959 982 3041 legati
1007 2956 1078 3038 duo,
1096 2958 1132 3020 C·
1149 2957 1238 3021 Sern-

191 3040 316 3122 pronius
330 3039 455 3120 Blaesus,
471 3039 542 3105 Sex.
557 3040 657 3105 Julius
673 3039 784 3121 Caesar,
794 3040 835 3104 ad
850 3045 1055 3129 restituendos
1070 3045 1103 3105 in
1114 3044 1238 3105 liberta-

193 3137 257 3187 tem
273 3125 434 3188 Abderitas
448 3129 544 3188 missi.
581 3127 694 3194 lisdem
709 3129 900 3206 mandatum,
914 3142 950 3190 ut
964 3143 997 3191 et
1011 3127 1147 3190 Hostilio
1155 3149 1237 3190 con·
1266 3189 1269 3194 .

194 3209 254 3270 suli
269 3222 301 3272 et
321 3207 487 3273 Hortensio
504 3211 623 3294 praetori
645 3211 836 3287 nunciarent,
859 3225 998 3273 senatum
1013 3213 1168 3273 Abderitis
1190 3214 1238 3274 in-

190 3293 312 3378 justum
326 3295 435 3378 bellrun
456 3297 596 3378 inlatum,
620 3295 816 3375 conquirique
840 3290 958 3379 omnes,
974 3296 1026 3376 qui
1042 3297 1072 3356 in
1095 3297 1239 3361 servitute

193 3379 268 3525 sin&
282 3393 314 3442 et
328 3382 442 3444 restitui
457 3380 489 3444 in
505 3381 688 3458 libertatem,
704 3399 823 3460 aequum
839 3400 972 3442 censere.

268 3511 276 3528 .
299 3463 416 3530 Eodem
433 3481 571 3552 tempore
593 3467 631 3528 dc
647 3463 683 3529 C.
699 3459 818 3543 Cassio,
839 3464 891 3548 qui
907 3465 1011 3528 consul
1034 3466 1135 3550 priore
1157 3489 1239 3531 anno

177 3548 306 3634 ‚luerat
333 3565 397 3616 tum
414 3555 551 3618 tribunus
574 3545 705 3628 militum
728 3552 760 3614 in
776 3545 963 3614 Macedonia
987 3573 1057 3616 curn
1077 3554 1117 3618 A.
1130 3550 1238 3618 Hosti·

177 3715 179 3718 ·
220 3707 242 3745 ¹³
271 3705 365 3758 cenrm
397 3711 492 3774 sriptura
509 3709 611 3757 nntium
636 3703 695 3769 cro]
729 3707 899 3769 rlurprrtm'rrr.
1003 3773 1009 3784 ·
1041 3773 1047 3786 ι

177 3771 283 3822 'Mur
297 3773 435 3823 tutotuto
453 3786 497 3832 est,
512 3775 595 3823 mareis
609 3775 698 3835 ementi
766 3770 902 3837 ¹⁸1ndr'gm
921 3779 1009 3822 mter
1024 3771 1081 3834 orso]
1101 3771 1166 3833 Lege
1187 3787 1241 3821 corn

184 3838 325 3889 meatibus
331 3839 425 3888 circiter
434 3839 488 3892 127.
730 3837 815 3916 eodem
824 3838 861 3886 rel
870 3836 1012 3916 indigniores
1027 3837 1113 3886 unctui
1121 3840 1181 3896 niu,-
1196 3838 1244 3895 vel,

224 3903 246 3935 ¹⁴
262 3901 292 3950 In
311 3901 453 3952 Hortensium
472 3903 621 3966 montaureo]
635 3903 699 3952 Hinc
733 3903 1021 3968 Indrgnoumrturom.

189 3965 500 4041 spptrerfflorrrnsiumnoc
509 3975 700 4033 muoproetorem
767 3968 788 4004 ¹⁹
804 3965 833 4019 Q„
843 3965 950 4014 Mantum
966 3965 1089 4028 patrem]
1107 3963 1156 4013 Hir
1171 3967 1242 4015 nrbe-

189 4030 623 4109 {mettensemcumorremia
632 4034 701 4082 mari·
732 4047 791 4112 nme·
805 4031 899 4108 alterius
920 4030 993 4078 adbuc
1013 4031 1119 4106 pretoria
1141 4045 1241 4080 nomen:

172 4105 363 4232 ,buu
373 4113 447 4212 tu
463 4159 591 4228 mn]
609 4162 702 4213 stt,
733 4095 1244 4236 vestrm

189 4224 483 4286 monstrosarum.
731 4227 829 4286 grinann
850 4237 883 4273 ex
903 4237 933 4274 eo
955 4223 1014 4288 quod
1031 4223 1186 4288 collegaque
1203 4225 1243 4272 M.

220 4287 241 4323 ¹⁶
258 4289 337 4339 Tritici
345 4295 507 4370 prinprngr'rrto
514 4289 699 4358 nillionodidn]
734 4290 826 4346 listins,
833 4289 894 4338 infra
904 4305 925 4338 c.
938 4291 974 4339 tl.
985 4303 1013 4338 et
1022 4301 1073 4351 aget
1083 4304 1135 4352 qooe
1145 4291 1174 4341 td
1183 4301 1243 4356 pm·

179 4351 427 4484 'ldqqliosrull'aeairinenr'er
435 4363 491 4488 texte]
495 4357 595 4474 3321?t
604 4423 686 4478 om
733 4355 790 4405 toris
799 4353 881 4403 urbani
891 4352 992 4406 officum
1001 4355 1154 4422 pertinebant.

218 4477 222 4484 ‚
322 4437 454 4486 rumperent
571 4434 584 4472 e
687 4448 698 4466 .
