3184 5225
480 368 558 427 Lm
570 365 667 427 XLV.
686 364 868 425 CARXDL
1151 368 1223 429 1⁸2⁴

160 523 171 557 ‘
188 524 323 585 exerceri
338 542 444 605 posse;
462 535 505 600 et,
517 522 758 604 ubi-publicanas
770 535 830 600 est,
839 523 867 567 ⁷⁷
876 524 919 585 ibi
930 536 984 587 aut
992 524 1210 609 juspublicum
1218 533 1293 584 vec.
1302 532 1362 585 ‘aaa

158 610 306 687 ‘vanum,
318 622 372 671 aut
383 609 556 672 libertatem
571 609 662 670 soeiis
678 610 791 671 nullam
806 630 885 678 esse.
924 610 973 672 Ne
986 613 1070 693 ipsos
1080 614 1208 694 quidem
1219 602 1251 649 Α·
1263 600 1293 649 ⁰·
1305 599 1362 650 ¹⁶7·

158 696 169 727 ‘
183 695 374 757 Macedones
387 697 415 741 ⁷⁸
428 696 509 757 idem
524 716 665 759 exercere
681 697 847 779 possenti
869 697 903 757 in
917 698 1020 759 medio
1035 702 1136 781 praede
1150 702 1205 762 ad·

159 782 425 844 ‘ministrantibus
447 794 536 859 essct,
561 782 602 844 ibi
629 802 793 865 numquam
821 802 944 844 caumes
965 784 1153 848 seditionum
1174 800 1226 849 et·

159 868 360 930 ‘certaminis
383 868 499 931 defore.
556 871 582 913 ⁷⁹
593 866 763 931 Commune
785 870 970 930 concilium*
992 874 1094 957 genas
1115 887 1206 951 esset,

160 954 170 985 ‘
186 974 235 1015 ne·
248 955 409 1037 inpmbum
424 956 531 1035 vulgus
554 975 572 1015 a
594 968 701 1017 senatu
725 956 889 1036 aliquando
904 956 1080 1019 libertatem
1095 958 1207 1020 salubri

160 1040 398 1116 ‘moderatione
413 1042 517 1103 datam
540 1040 579 1101 a'd
597 1041 756 1103 licentiam
773 1042 972 1123 pestilentem.
983 1045 1128 1107 traheret
1173 1044 1208 1107 ln

159 1126 317 1207 ‘quatuor
342 1128 480 1208 regiones
507 1127 635 1188 describi
660 1127 890 1204 Macedoniam,
913 1139 947 1189 ut
969 1150 1058 1191 suurn
1084 1152 1208 1213 quaeque

160 1212 171 1243 ‘
187 1213 349 1273 concilium
365 1212 511 1291 haberet}
531 1213 662 1294 placuit3
691 1216 745 1277 ‘et
758 1216 792 1252 '⁸⁰
804 1214 964 1275 dimidium
978 1217 1100 1295 tributi,
1116 1238 1208 1297 quam

161 1298 269 1379 ‘quod
291 1300 413 1380 regibus
432 1299 510 1361 ferre
532 1300 613 1360 soliti
637 1313 735 1379 erant,
758 1301 872 1383 populo
893 1299 1034 1363 Romano
1055 1302 1223 1385 pendere?⁴

95 1426 110 1461 ,.
162 1381 283 1447 Similia
297 1386 345 1447 bis
367 1396 400 1446 et
420 1387 450 1446 in
468 1386 621 1469 Illyricum
636 1388 794 1449 mandata.
810 1400 912 1449 cetera
926 1388 1000 1469 ipsis
1015 1390 1207 1470 imperatori-

162 1470 218 1531 bue
233 1472 400 1553 legatisque
416 1472 532 1548 relicta,
548 1473 704 1552 inquibus
721 1494 854 1556 praesens
869 1476 1012 1537 tractatio
1026 1494 1126 1539 rerum
1141 1498 1208 1537 cer·

161 1557 242 1618 tiore
255 1556 428 1639 subjectum
443 1570 509 1621 erat
523 1559 660 1620 consilia.
952 1612 957 1619 .

206 1642 296 1705 XlX.
320 1643 403 1705 lnter
417 1645 528 1705 multas
543 1664 648 1726 regum
670 1647 866 1729 gentiumque
881 1659 913 1707 et
927 1648 1109 1729 populorum
1124 1651 1209 1732 lega-
1222 1666 1320 1715 Aenus

163 1729 262 1790 tienes
277 1730 409 1809 Attalus,
425 1730 520 1792 frater
541 1732 622 1812 regis
635 1730 792 1810 Eumenis,
806 1734 938 1794 maxime
953 1736 1103 1797 convertit
1125 1737 1156 1797 in
1177 1758 1209 1798 se
1223 1732 1313 1781 Romae

164 1817 301 1877 omnium
316 1818 420 1878 oculos
436 1818 623 1898 animosque.
639 1832 786 1899 exceptus
800 1820 882 1880 enirn
905 1831 952 1880 est
973 1822 1013 1881 ab
1027 1821 1085 1899 hie,
1101 1823 1154 1902 qui
1168 1824 1210 1883 si-

165 1902 229 1963 mul
251 1922 289 1963 eo
311 1904 392 1964 bello
416 1904 634 1981 militaverunt,
657 1905 738 1965 haud
758 1906 862 1985 paullo
884 1907 1053 1985 benignius,
1068 1928 1160 1988 quarn
1185 1910 1210 1969 si

166 1986 231 2069 ipse
253 2008 306 2049 rex
324 1988 486 2051 Eumenes
496 1991 637 2051 venisset.
691 1990 895 2053 Adduxeraat
913 2012 983 2052 eum
999 1992 1065 2053 dua
1087 1995 1119 2054 in
1143 2015 1212 2076 spe·
1243 2061 1246 2066 ¹
1297 2042 1302 2051 .

1 2096 4 2169 p
166 2073 246 2134 ciem
262 2074 396 2137 bonestoe
410 2098 475 2138 rest
499 2096 572 2153 una,
585 2077 763 2156 gratulatio,
778 2078 961 2137 conveniens
979 2078 1010 2137 in
1025 2100 1063 2139 ea
1075 2073 1214 2157 victoria,

144 2160 551 2329 *illivlliqidj'ssliiil
574 2160 1238 2327 flgitiqlirbtiiffllibillbt‘

386 2270 403 2309 c
1207 2297 1215 2312 .

1 2324 4 2405 l
167 2327 299 2393 Suberat
321 2343 353 2393 et
373 2346 490 2395 secreta
512 2354 579 2416 spes
597 2335 746 2395 honorum
762 2335 1013 2417 praemiorumque
1035 2336 1074 2396 ab
1096 2349 1217 2414 senatu,

166 2436 235 2496 quae
248 2417 299 2477 vix
323 2418 406 2478 salva
419 2410 535 2499 pietate
550 2421 577 2457 ⁸²
587 2417 651 2499 ejus
668 2420 846 2500 contingere
860 2432 1013 2502 poterent.
1030 2434 1119 2483 erant
1132 2423 1217 2483 eninr
1273 2466 1277 2470 -

165 2502 292 2581 quidam
306 2501 512 2565 Romanorum
529 2499 650 2585 quoque
664 2526 727 2566 non
743 2506 814 2566 boni
830 2518 980 2582 auctores,
991 2508 1041 2588 qui
1056 2528 1111 2589 spe
1126 2510 1217 2588 cupi·

166 2588 298 2650 (litatem
314 2588 381 2670 ejus
396 2590 554 2653 elicerent:
579 2589 677 2652 ‘llam
693 2592 870 2673 opinionem
886 2592 925 2653 de
936 2591 1045 2654 Attalo
1058 2591 1215 2656 etEunre·

167 2675 232 2735 ‘ne
248 2673 354 2737 liomae
379 2697 454 2752 esse,
474 2688 628 2758 tamquam
652 2678 691 2738 de
713 2678 811 2738 altero
831 2677 977 2740 Romame
998 2690 1081 2741 certo
1103 2673 1239 2758 amicos

167 2760 178 2791 ‘
193 2761 290 2822 altero
305 2782 362 2823 nec
374 2761 533 2841 Romanis,
547 2783 604 2826 nec
616 2761 697 2824 Persi
712 2763 776 2824 fido
791 2764 886 2826 socio.
932 2763 1039 2846 ltaque
1054 2766 1106 2828 vix
1120 2768 1215 2828 statui

167 2845 293 2928 ‘possa
308 2845 421 2926 utrum,
434 2869 502 2929 quae
516 2871 574 2932 pro
594 2871 637 2928 se,
653 2871 703 2927 en,
719 2869 786 2930 quse
800 2863 909 2911 contra
924 2851 1050 2912 fratrem
1065 2853 1215 2935 petiturus

169 2931 285 3010 ‘esset,
308 2935 347 2996 ab
362 2947 469 2996 senatu
492 2937 589 3018 magis
605 2936 810 3018 impetrabilia
822 2937 937 2999 forent:
969 2937 1047 2998 adeo
1061 2940 1216 3000 universos

165 3019 182 3090 ,‘
198 3021 300 3081 omnia
312 3033 344 3083 et
356 3022 428 3083 huic
443 3023 584 3100 tribuere,
596 3025 622 3060 ⁸³
632 3035 665 3084 et
680 3023 723 3083 illi
736 3044 807 3094 uero
821 3022 954 3103 negare?
989 3021 1102 3085 Eorum
1115 3026 1215 3086 homi-

170 3123 245 3164 num
262 3105 309 3184 (ut
328 3129 375 3168 res
390 3107 507 3187 docuit)
526 3109 646 3170 Attalus
662 3121 738 3185 eret,
754 3110 818 3188 qui,
833 3122 982 3189 quantum
997 3129 1067 3190 spes
1082 3131 1216 3192 spopon·
1233 3144 1306 3196 Am„
1317 3157 1371 3208 ,μ

173 3189 278 3268 disset,
292 3205 446 3275 cuperent,
462 3195 492 3255 ni
507 3196 596 3256 unius
619 3195 711 3255 amici
727 3195 858 3275 prudens
872 3196 1101 3261 monitio.velut
1115 3196 1217 3255 frenos
1229 3229 1310 3278 prave.

173 3276 280 3338 animo
299 3277 374 3358 ejus,
398 3281 541 3362 gestienti
566 3279 706 3341 secundis
729 3281 827 3356 rebus,
850 3280 1043 3360 inposuisset.
1087 3278 1218 3342 Stratius

171 3381 243 3424 cum
258 3385 295 3424 eo
311 3364 365 3426 fuit
381 3367 527 3443 medicus,
544 3367 582 3427 ed
602 3366 633 3426 id
656 3366 754 3446 ipsum
771 3385 790 3424 a
804 3385 866 3425 non
882 3385 989 3425 securo
1002 3364 1139 3426 Eumene
1155 3367 1219 3428 Ro·

170 3469 254 3510 mam
271 3451 391 3530 missus,
402 3453 574 3534 speculator
589 3471 699 3527 rerum,
712 3471 777 3530 quae
792 3470 813 3510 a
826 3450 917 3511 fratre
932 3463 1103 3532 egerentur,
1119 3454 1221 3515 moni-

151 3539 279 3617 'tarque
294 3536 383 3617 fidus,
394 3540 419 3600 si
431 3538 537 3600 decedi
553 3538 613 3600 fide
625 3537 759 3598 vidisset.
799 3535 840 3613 ls,
851 3537 893 3597 ad
906 3548 1071 3620 occupatas
1081 3537 1148 3620 jam
1163 3559 1222 3602 au·

590 3717 600 3742 ²
612 3709 727 3758 seruilium
738 3710 807 3758 Creu.

201 3860 385 3924 'vittaeque
394 3860 606 3922 prrblieumuenum]
631 3861 678 3909 Ubi
712 3861 807 3917 lrno,ut
821 3869 886 3906 reete
901 3858 1006 3906 observat
1016 3858 1168 3919 Sigomuuet
1184 3877 1223 3909 res

171 3927 305 3990 publicanus
320 3940 364 3983 est,
373 3929 509 3975 alterutrum
526 3927 626 3974 accidere
636 3941 685 3974 ne·-
711 3929 756 3988 ipra
777 3925 869 3980 clamat,
885 3939 997 3970 commem
1018 3926 1131 3972 masiliam
1150 3929 1222 3989 gentis

171 4005 236 4038 cesse
251 4005 293 4040 est.
326 3993 375 4039 Aut
391 3993 508 4041 remissius
523 4006 588 4052 agere
604 3991 678 4053 publi·
711 3991 800 4038 trullum
808 4006 858 4039 erre.

170 4056 221 4102 cani
241 4056 399 4120 jubebunturr
423 4051 540 4120 trutc‘jus
561 4057 678 4120 publicum
744 4053 1133 4118 thmteiumrrtbariqemqeoa]
1147 4055 1223 4106 Ocius

169 4136 257 4170 vanem
269 4125 323 4180 erit,
331 4125 355 4170 id
366 4137 410 4179 ert,
424 4137 452 4170 ex
465 4124 520 4185 jure
535 4121 576 4168 illo
584 4122 681 4182 publico,
711 4121 827 4168 drictum
840 4115 1077 4191 cmoviovtqm.
1109 4121 1221 4186 Exempla

170 4185 207 4232 uel
224 4189 322 4249 metelli,
333 4187 370 4236 vel
386 4189 489 4250 parterii,
502 4185 559 4232 nilail
575 4198 615 4234 rut
625 4201 680 4250 per.
712 4185 795 4232 similia
803 4187 906 4248 reperies
916 4182 1048 4246 tulmespp.
1061 4185 1101 4232 26.
1112 4198 1136 4233 et
1147 4191 1187 4237 29.
1204 4205 1207 4209 ²

169 4251 288 4314 paululum
316 4255 421 4316 pecuniae
447 4252 576 4314 recipietur.
630 4254 681 4299 Aut
745 4247 1022 4310 ⁸¹1ldeertaeqrreglwliic]
1045 4250 1222 4315 Heeprodes·

168 4316 305 4380 publicanam
333 4318 407 4382 rigide
434 4329 459 4364 et
482 4317 585 4364 districte
612 4329 678 4376 eger:
702 4309 921 4378 'pretisbabenrua

170 4392 226 4428 tunc
238 4382 331 4430 libertas
339 4383 407 4431 roei'n
417 4381 481 4429 nulle
491 4382 554 4429 crit„
744 4379 766 4412 θ’
780 4377 844 4439 Ejus]
865 4378 940 4439 Magis
949 4379 1049 4442 placem
1058 4382 1079 4427 ei
1089 4383 1220 4444 satagere.

203 4446 226 4484 ⁷³
238 4445 299 4494 ldon
312 4446 421 4509 nemer]
444 4447 568 4495 Mellemur
581 4447 605 4494 id
620 4463 680 4494 eser·
744 4444 766 4477 ⁸³
780 4441 810 4490 Et
825 4446 859 4490 illi
868 4460 924 4493 runo
933 4448 1025 4509 urgere]
1045 4445 1169 4506 Erupbasin
1180 4461 1219 4505 eg.

170 4523 228 4558 m.
585 4517 588 4524 '
713 4509 829 4556 noscimur
843 4510 987 4572 inpartieula
1003 4527 1059 4558 uero.
1092 4511 1172 4572 ltaque
1183 4511 1234 4557 rri-⁴

204 4575 227 4612 ⁷⁹
243 4573 361 4626 cmm
380 4578 492 4626 uiriliter
517 4579 589 4640 gartia
615 4577 675 4638 cert]
712 4575 748 4622 bil
757 4575 892 4622 mumdum
901 4591 1034 4626 umus.
