3184 5225
252 550 259 567 .
271 515 301 565 C.
312 516 368 567 584.

250 580 298 632 ,0.
312 582 367 634 166.

394 346 452 409 ns
795 298 797 304 ’
820 339 905 400 urar
923 340 1026 400 mvn

393 501 602 582 contingebat,
627 495 710 561 larua
733 509 931 579 conspectum
955 516 1025 558 enm
1048 494 1210 571 efficiebat,
1235 494 1292 557 ssd
1313 496 1444 580 effulge-

393 589 468 651 bant
495 588 650 668 Philippus
672 605 709 645 ac
727 580 862 664 Magnus
885 582 1071 660 Alexander,
1093 582 1144 663 qui
1166 602 1318 645 summum
1341 583 1441 665 impe·

392 676 471 738 rium
487 675 517 734 in
533 674 606 735 orbe
621 683 769 733 terrarum
785 668 993 731 Macedonum
1013 668 1160 731 fecerant.
1204 672 1229 707 ³¹
1241 667 1327 731 Pullo
1343 670 1441 733 amic-

392 773 441 823 tus
463 758 541 821 illo1¹
568 757 692 819 Perseus
719 757 871 838 ingressus
891 766 938 817 est
957 766 1066 833 castra,
1087 753 1209 817 ”nullo
1231 776 1355 817 snorum
1379 756 1443 817 alio

393 846 518 923 comite,
544 844 594 926 qui
621 844 720 905 socius
745 843 930 904 calamitatis
957 840 1205 903 miserabiliorem
1225 862 1295 903 eum
1315 841 1449 905 faceret.

391 932 533 1015 progredi
557 952 618 1012 prae
633 930 721 991 turba
741 928 966 991 obcurrentium
990 928 1030 989 ad
1051 928 1260 1011 spectaculum
1282 948 1345 990 non
1369 941 1444 1010 pot-

392 1030 469 1097 erat,
495 1018 630 1079 ”douec
653 1016 758 1077 consul
777 1016 900 1077 lictores
923 1015 1065 1092 misisset,
1090 1014 1140 1096 qui
1161 1014 1367 1078 submovendo
1381 1015 1443 1077 iter

392 1104 434 1166 ad
460 1104 632 1186 praetorium
658 1101 806 1163 facerent.
850 1100 1048 1163 Consurrexit
1063 1101 1179 1178 consul,
1207 1112 1250 1177 et,
1271 1098 1364 1181 jussis
1389 1122 1441 1163 se·

287 1178 301 1195 ⁵
392 1191 464 1253 dere
481 1190 558 1267 aliis,
581 1209 814 1271 progressusque
844 1188 990 1270 paullum,
1020 1188 1186 1249 introeunti
1209 1187 1273 1268 regi
1299 1187 1444 1249 dextram

389 1278 535 1360 porrexit.
551 1276 841 1356 submittentemque
864 1296 897 1335 se
922 1275 963 1336 ad
982 1274 1075 1357 pedes
1097 1272 1236 1334 sustulit:
1264 1293 1321 1334 nec
1337 1274 1442 1335 adtin-

390 1382 462 1443 gere
488 1382 588 1445 genua
616 1382 731 1444 passus,
756 1360 961 1423 introductum
991 1362 1022 1422 in
1048 1359 1277 1422 tabernaculum
1297 1359 1442 1423 adversus

390 1448 555 1511 advocatos
570 1449 603 1509 iu
618 1448 776 1510 consilium
792 1447 948 1508 considere
966 1445 1067 1528 jussit.

432 1532 519 1596 Vlll.
545 1535 646 1597 Prima
659 1534 853 1616 percontatio
868 1533 937 1611 fuit,
958 1534 967 1565 ‘
983 1554 1044 1614 qua
1057 1535 1199 1596 subactus
1210 1531 1444 1616 injuriacoutra

352 1636 353 1639 ’
389 1619 561 1703 ‘populum
568 1620 739 1681 Romanum
750 1619 1051 1681 bellumtaminsesto
1058 1620 1361 1701 animosuscepisset3
1377 1641 1442 1701 quo

223 1716 277 1767 Cos.
290 1730 343 1767 eum
370 1736 374 1747 ¹

222 1784 360 1849 adloquitur.

389 1706 400 1740 ‘
415 1728 447 1769 se
459 1727 644 1788 regnumque
654 1726 740 1767 suum
749 1706 787 1767 ad
797 1704 1310 1769 ultimumdiscrimenadducereti'
1326 1706 1442 1786 Quum,

389 1814 569 1875 responsum
581 1792 828 1875 exspectantibus
843 1794 972 1870 cunctis,
987 1804 1099 1854 terram
1113 1793 1245 1870 intuens,
1260 1793 1313 1853 diu
1327 1792 1456 1864 tacitus,

389 1880 486 1957 lieret,
502 1900 618 1942 rursum
638 1879 758 1941 consul:
777 1876 832 1939 ‘Si
849 1876 970 1959 juvenis
991 1900 1118 1961 reguum
1137 1879 1318 1962 accepisses,
1337 1880 1441 1941 miuus

389 1966 400 1998 ‘
416 1966 557 2047 equidem
570 1967 706 2042 mirarer,
719 1965 874 2045 ignorasse
891 1975 933 2042 te,
954 1960 1046 2044 quain
1061 1966 1160 2046 gravis
1175 1977 1229 2027 aut
1243 1965 1368 2042 amicus,
1384 1980 1442 2029 aut

388 2052 555 2113 ‘inimicus
568 2064 648 2114 esset
662 2051 792 2135 populus
809 2048 975 2111 Romanus.
998 2071 1172 2129 nuncvero,
1192 2071 1284 2133 quum
1304 2064 1338 2114 et
1356 2051 1441 2114 bello

389 2138 400 2198 f
417 2139 511 2219 patris
523 2139 579 2215 tui,
596 2138 678 2218 quod
692 2136 852 2197 nobiscum
866 2137 972 2216 gessit,
988 2136 1187 2213 interfuisses,
1208 2138 1338 2219 et'pacis
1352 2149 1442 2221 post·
1483 2213 1486 2217 A

389 2224 400 2257 ‘
415 2243 463 2303 ea,
479 2244 570 2305 quam
586 2242 655 2284 enm
667 2242 786 2283 sununs
798 2222 859 2283 lide
872 2222 1013 2283 adversus
1024 2242 1094 2283 eum
1106 2222 1267 2300 coluimus,
1283 2225 1442 2287 meminis-

389 2310 401 2343 ‘
416 2330 475 2389 ses,
496 2310 578 2391 quod
594 2309 765 2385 consilium,
788 2328 915 2389 quorum
931 2320 964 2369 et
975 2308 1037 2369 vim
1053 2309 1145 2387 bello,
1159 2320 1193 2370 et
1205 2309 1300 2371 fidem
1316 2312 1346 2371 in
1362 2332 1442 2392 pace

387 2395 400 2428 ⁶
415 2406 555 2478 expertus
566 2416 657 2473 esses,
667 2416 736 2457 cum
748 2394 784 2455 iis
797 2395 852 2455 tibi
863 2394 977 2457 bellum
988 2415 1064 2473 esse,
1076 2416 1168 2477 quam
1179 2416 1299 2479 pacem,
1311 2397 1404 2459 malle
1414 2396 1444 2459 i'

387 2479 455 2541 Nec
470 2483 682 2561 interrogatum,
697 2502 754 2542 nec
766 2492 927 2542 accusatus
938 2502 1030 2561 quum
1047 2482 1246 2565 responderet
1251 2506 1261 2561 3
1285 2481 1442 2546 ‘Utcum-

386 2567 398 2599 ‘
414 2585 473 2648 que
486 2578 589 2630 tamen
605 2568 680 2646 haec,
703 2568 764 2630 sive
780 2588 881 2629 errore
895 2568 1042 2648 humano,
1062 2590 1116 2631 seu
1131 2589 1215 2648 casu,
1237 2590 1291 2632 seu
1305 2570 1442 2633 necessi·

386 2653 398 2686 ‘
414 2664 478 2715 tate
494 2654 674 2732 inciderunt,
687 2654 800 2716 bonum
813 2655 947 2716 animum
959 2656 1038 2718 habe
1049 2678 1057 2716 ε
1073 2657 1239 2718 multorum
1250 2678 1367 2738 regum,
1379 2679 1441 2741 po-

387 2739 398 2771 ‘
414 2739 553 2821 pulornm
567 2741 686 2802 casibus
698 2741 824 2822 cognita
834 2742 940 2823 populi
952 2741 1084 2803 Romani
1096 2743 1259 2804 clementia
1270 2765 1331 2805 non
1343 2745 1441 2807 modo

387 2826 398 2858 ‘
412 2845 497 2908 spem
505 2826 571 2903 tibi,
581 2825 635 2887 sed
646 2831 775 2909 ³⁴prope
785 2838 900 2889 certam
909 2827 1052 2890 fiduciam
1065 2829 1179 2906 salutis,
1187 2827 1321 2911 prabet!
1359 2829 1441 2894 Haec

386 2909 493 2974 Graeco
509 2932 647 2974 sermone
663 2911 792 2974 Perseo:
816 2911 925 2975 Iaatiue
940 2914 1050 2976 deiude
1069 2915 1142 2993 suis,
1164 2913 1370 2996 ‘Exemplum
1386 2919 1442 2980 iu·

386 2997 398 3032 ‘
412 2998 498 3079 signe
509 2997 652 3078 remitis,’
668 2999 777 3080 inquit,
789 3001 799 3032 ‘
809 3001 988 3062 mutationis
997 3022 1097 3064 rerum
1109 3002 1314 3063 humanarum.
1335 2999 1443 3065 Vobis

385 3085 472 3146 ‘hoc
491 3086 640 3168 precipue
660 3086 741 3163 dieo,
756 3085 979 3169 juvenesgideo
995 3088 1026 3148 iu
1048 3089 1188 3151 secundis
1202 3087 1289 3149 rebus
1308 3087 1389 3149 nibil
1406 3089 1458 3151 iu·

384 3172 396 3204 ‘
411 3191 594 3252 quemquam
605 3174 732 3254 superbe
742 3193 778 3234 ac
787 3173 935 3236 violenter
945 3175 1101 3236 consulere
1113 3175 1213 3252 decet,
1224 3195 1281 3235 nec
1293 3177 1437 3259 prasenti

384 3257 395 3290 ‘
410 3258 533 3320 credere
550 3258 677 3320 fortunae
681 3280 692 3338 3
716 3279 822 3339 quum,
837 3259 911 3341 quid
925 3260 1131 3342 resperserat,
1146 3262 1297 3324 incertum
1311 3260 1362 3322 sit.
1407 3259 1444 3323 is

844 3357 982 3426 hillellup.

416 3437 437 3473 ³¹
455 3435 524 3485 Pullo
539 3441 633 3488 audetur
652 3441 690 3488 illu
712 3440 816 3506 Persou]
842 3443 894 3490 De·
926 3444 991 3492 hunc
1004 3443 1083 3493 locum
1092 3457 1232 3492 unumnou
1247 3442 1444 3507 exemplantur

383 3512 505 3574 pravmum
522 3503 583 3552 huuc
599 3505 675 3554 locum
687 3507 743 3554 varii
753 3508 820 3554 variis
837 3523 894 3555 con·
926 3521 969 3558 ert.

381 3566 477 3627 jecturis
498 3581 623 3620 tentarunt.
661 3571 730 3618 Nihil
749 3572 894 3634 probabilius,
956 3573 979 3607 ³³
997 3571 1155 3622 Dmrcconenl
1163 3575 1250 3622 lictores
1259 3571 1359 3635 mirina]
1375 3569 1439 3620 Gan·

383 3645 451 3690 quam
474 3633 534 3694 quod
563 3635 664 3698 suggerit
687 3635 825 3693 Gronovius,
852 3639 893 3699 qui
924 3638 1072 3699 nmiomagis
1080 3639 1157 3703 placet
1166 3639 1233 3686 misit.

380 3709 463 3744 vocem
485 3699 523 3744 tuo
543 3711 674 3762 corruptam
700 3715 752 3749 esee
775 3713 842 3766 purat
863 3717 893 3750 ex
956 3703 979 3737 ³⁴
996 3703 1068 3763 Prope
1098 3713 1180 3751 certam
1201 3702 1315 3762 fiduciam
1344 3701 1435 3766 nimi]

374 3759 437 3836 filio,
450 3773 475 3809 et
485 3775 595 3825 preterea
613 3764 672 3812 male
690 3769 811 3830 trajectum
822 3767 892 3815 fuisse
925 3767 987 3817 Hrec
1002 3766 1072 3831 jactat
1083 3769 1164 3816 toueul
1173 3767 1244 3832 rdpbo
1253 3780 1330 3823 tenus,
1345 3781 1376 3815 ne
1386 3781 1437 3814 uon

382 3840 407 3872 ur
418 3839 497 3902 tatere
508 3829 639 3906 exemplari.
664 3830 730 3891 Legit
740 3846 809 3892 ergo:
823 3830 892 3879 Pullo
923 3834 1007 3881 misero
1027 3832 1112 3895 aliquid
1130 3845 1211 3882 tamen
1230 3832 1266 3880 rel
1287 3833 1339 3879 reni
1358 3831 1440 3879 utam

381 3891 775 4004 aa
923 3897 1166 4012 nr·
1183 3896 1440 4010 annun

375 3953 437 4053 '³⁶³3
452 4017 523 4070 Nullo
548 4038 637 4070 tenram
663 4025 707 4071 alio
734 3994 819 4086 simite,
851 4029 891 4089 qni
923 3981 1124 4093 eorniupenpeibie
1141 4039 1165 4077 et
1181 3979 1439 4076 crirdeliirrqiixcederre

379 4085 449 4159 ωςίιιι
458 4087 603 4162 aplrmritutlr]¹
623 4085 740 4137 Nimirum
758 4091 820 4139 solus
837 4106 890 4140 cura
922 4106 1021 4158 poterat,
1037 4111 1105 4157 quem
1122 4106 1148 4142 ut
1166 4094 1313 4141 trrdneereut
1325 4106 1379 4139 eum
1391 4105 1439 4153 per

378 4146 427 4194 lilio
445 4162 557 4199 minorem
573 4155 890 4220 misericordiamlietumque
921 4160 1008 4207 ciuium
1029 4175 1078 4218 ora,
1104 4175 1130 4207 ae
1151 4158 1235 4206 deinde
1257 4159 1281 4204 iu
1306 4155 1439 4204 amandum

378 4213 483 4262 movebat
493 4216 634 4278 videntibus,
649 4235 718 4283 quam
730 4222 749 4267 si
761 4237 815 4281 grex
831 4223 890 4270 circe
922 4225 1084 4289 conjicerent?
1111 4224 1137 4274 Si
1147 4225 1209 4272 hene
1221 4221 1296 4270 Paulli
1304 4222 1439 4270 orationem

372 4283 433 4326 'eum
456 4280 571 4342 plangeret
593 4286 726 4352 rmicorum,
752 4287 889 4349 luctumque
921 4288 1002 4338 Livius
1020 4290 1094 4348 linxit,
1107 4303 1162 4338 eane
1180 4289 1310 4338 desiderare
1327 4287 1440 4336 ridemur

377 4343 607 4422 intenderetquucd
624 4350 667 4413 ipsi
685 4351 778 4412 contigit
800 4363 890 4417 postea,
921 4355 1037 4417 scriptoris
1064 4354 1194 4420 judicium:
1222 4356 1243 4406 ai
1265 4352 1361 4403 Paullus
1380 4367 1443 4404 vere

377 4424 449 4470 quum
467 4426 491 4457 nr
510 4415 628 4476 mempho
643 4413 732 4464 lErnilii
752 4418 887 4469 duceretur.
920 4419 1205 4481 babuiqtonsnlisfiden·

375 4471 432 4526 noe
458 4475 510 4526 ideo
536 4479 676 4540 notavimus,
703 4482 757 4546 quie
777 4481 888 4549 Dujninr
