3184 5225
366 325 410 380 n
785 317 871 380 'rm
894 311 996 379 alvu

200 477 347 534 nessa
367 477 478 561 opibus
499 473 699 558 Delpbonrm.
743 471 828 537 Satis
849 476 1019 550 constabat,
1040 470 1222 550 Eumenem,
1244 483 1280 534 ut
1300 473 1427 536 sacrifi-

200 546 343 598 ΝΜ
367 575 455 625 earet
480 561 627 644 Apollini,
656 559 796 641 Delphos
821 561 1046 621 adscensurum.
1101 563 1129 600 ⁵¹
1145 557 1299 640 Progressi
1312 569 1327 598 ⁰
1349 579 1429 622 eum

367 647 510 711 Evandro
533 647 735 724 insidiatores,
757 646 835 706 nihil
859 646 941 707 aliud
965 646 1006 707 ad
1028 645 1237 727 peragendum
1252 646 1430 729 inceptum,

365 753 460 818 quam
478 734 537 794 loci
560 732 836 815 opportunitatem,
862 733 968 793 omnis
982 732 1214 810 circumeuntes,
1235 733 1428 812 querebant.

365 818 635 882 Adscendentibus
646 817 687 878 ad
698 818 847 900 templum
860 839 879 879 a
891 817 1011 895 Cirrha,
1025 819 1202 900 priusquam
1214 820 1429 900 perveniretur

314 982 319 990 Α
366 907 406 968 ad
430 905 600 987 frequentia
625 903 760 966 edificiis
784 904 863 983 loca,
889 905 1024 966 macaria
1050 914 1116 965 crat
1139 905 1179 964 ab
1206 904 1281 965 laeva
1304 906 1427 968 sonim

364 992 502 1076 paulhrm
518 1003 641 1054 exstans
657 1011 677 1050 a
691 989 903 1068 fundamento,
927 1011 986 1073 qua
1001 990 1111 1070 singuli
1133 990 1297 1051 transirent
1306 1012 1318 1066 ς
1341 991 1425 1054 dex-

365 1089 417 1141 tra
429 1098 499 1160 pars
514 1077 583 1138 labe
596 1088 683 1138 terra
697 1077 729 1136 in
747 1076 935 1157 aliquantam
954 1077 1124 1139 altitudinis
1139 1076 1240 1138 diruta
1254 1089 1329 1138 erat.
1344 1089 1424 1158 post

276 1231 278 1234 ,
364 1163 531 1225 maceriam
547 1184 581 1224 sa
595 1162 787 1239 abdiderant,
810 1163 953 1244 gradibus
968 1163 1142 1240 adstructis,
1164 1174 1200 1224 ut
1215 1183 1253 1223 ex
1268 1183 1315 1240 ea,
1335 1163 1427 1226 velut

365 1269 495 1324 emuro,
516 1249 580 1310 tela
593 1249 625 1309 in
640 1259 874 1332 pretereuntem
893 1247 1090 1330 conjicerent.
1135 1251 1162 1290 ³³
1179 1247 1282 1309 Primo
1302 1271 1321 1310 a
1339 1249 1424 1310 mari

365 1334 648 1397 circumlumturba
663 1336 830 1397 amicorum
847 1355 882 1397 ac
902 1336 1066 1398 satellitum
1077 1335 1284 1418 procedebatr
1306 1333 1423 1397 deinde

365 1422 574 1483 extenuabant
587 1421 745 1504 paullatim
767 1423 914 1504 angustia
933 1441 1054 1504 agmen.
1100 1420 1162 1483 Ubi
1177 1422 1218 1483 ad
1233 1439 1303 1480 eum
1314 1419 1421 1482 locum

363 1518 492 1568 ventum
513 1519 569 1586 est,
590 1527 652 1588 qua
673 1508 799 1589 singolis
815 1509 948 1569 eundmn
975 1519 1050 1585 erat,
1071 1508 1186 1588 primus
1206 1507 1348 1568 semitam
1369 1506 1421 1567 in-

359 1611 486 1673 glesum
500 1591 668 1655 Pantaleon
679 1591 805 1656 AEtoliae
819 1595 970 1677 princeps,
990 1613 1061 1656 cum
1084 1613 1146 1675 quo
1169 1594 1328 1655 institutus
1351 1591 1421 1673 regi

199 1675 349 1727 Men·
363 1697 467 1740 scrmo
480 1691 554 1742 erat
596 1678 681 1741 Tum
696 1680 887 1743 insidiatores
911 1682 1008 1742 exorti
1030 1699 1104 1742 saxa
1127 1679 1189 1742 duo
1203 1679 1343 1761 ingentis
1361 1677 1420 1738 de»

210 1755 248 1790 ⁸³¹
259 1743 345 1874 ffi,
364 1764 510 1827 volvunt:
531 1785 660 1847 quoram
676 1767 773 1828 altem
797 1779 891 1849 caput
912 1768 1008 1828 ictum
1033 1778 1080 1829 est
1102 1767 1178 1849 regi,
1201 1767 1297 1826 altero
1316 1764 1419 1824 “hu-

250 1873 293 1922 ob-

196 1805 257 1922 u·

364 1871 466 1912 mensa
489 1853 616 1933 sopitus.
640 1857 668 1892 ⁸⁸
681 1873 720 1913 ex
743 1853 854 1914 semita
868 1853 994 1936 proclivi
1018 1853 1049 1915 in
1067 1853 1182 1914 declive
1205 1851 1311 1913 multis
1325 1869 1420 1932 supa·

195 1949 277 1988 mm·
360 1937 539 2020 prolapsum
551 1937 617 2019 jam
632 1938 714 1998 saxis
729 1940 894 2020 congestis,
919 1952 951 2002 et
973 1939 1066 2002 ceteri
1083 1940 1206 2019 quidem
1222 1939 1316 1998 etiam
1338 1936 1419 1996 ami·
1504 1984 1510 1992 .

358 2041 470 2084 aarum
485 2033 518 2083 et
530 2023 709 2098 satellitum,
731 2036 894 2103 postquam
917 2026 1080 2085 cadentem
1104 2025 1218 2099 videre,
1241 2021 1419 2102 diffugiunt,

364 2104 540 2168 Pantaleon·
567 2117 744 2168 constanter
774 2107 936 2188 inpavidus
970 2109 1083 2168 mansit
1117 2110 1157 2169 ad
1189 2107 1417 2190 protegendum

403 2277 491 2340 XVl.
514 2276 788 2361 Latrones,qm1m
812 2279 895 2342 brevi
922 2279 1083 2340 circumitu
1101 2277 1237 2339 masam
1251 2277 1417 2340 dacmrere

360 2365 402 2426 ad
417 2365 640 2441 conficiendum
656 2367 792 2426 sauciam
813 2375 951 2446 possent,
961 2365 1044 2426 velut
1058 2365 1193 2448 perfecta
1206 2384 1249 2441 re,
1261 2365 1293 2424 in
1303 2362 1416 2444 jugam

361 2448 513 2511 Parnasi!¹
530 2450 707 2531 refugerunt
721 2471 760 2510 eo
774 2471 876 2529 cursu,
890 2462 936 2528 ut,
956 2471 1049 2532 quam
1065 2471 1146 2513 unus
1168 2471 1230 2512 non
1253 2450 1344 2511 lacile
1365 2469 1415 2511 se·-

360 2535 486 2617 qnendo
508 2553 563 2618 per
585 2537 667 2596 invia
689 2548 783 2619 atque
805 2537 900 2598 ardus
923 2548 1092 2600 motaretur
1111 2537 1217 2620 hagam
1240 2556 1353 2613 eorum,
1373 2553 1414 2598 ne

362 2641 544 2704 comprenso
575 2623 723 2685 indicium
756 2635 924 2701 manaret,
951 2626 1121 2686 ceciderint
1154 2625 1309 2686 comitem.
1361 2622 1415 2683 Ad

362 2728 474 2791 eorpus
496 2709 577 2789 regis
587 2709 687 2791 primo
703 2710 805 2787 amici,
828 2710 943 2772 deinde
957 2710 1105 2773 satellites
1126 2730 1163 2772 ac
1184 2711 1263 2772 servi
1285 2726 1414 2771 coneur-

194 2796 349 2876 swlffltd·
361 2806 478 2873 munst,
499 2796 643 2857 tollentes
663 2796 797 2877 sopitum
817 2796 940 2858 vulnere
964 2818 1000 2859 ac
1023 2797 1100 2858 nihil
1122 2798 1316 2858 sentientem.
1359 2790 1416 2855 Vi·

193 2861 323 2914 aesstolls·

193 2938 245 2980 tur·

362 2900 434 2943 vere
458 2892 562 2943 tamm
586 2901 627 2943 ex
649 2882 751 2942 calore
777 2892 810 2943 et
842 2883 951 2965 spiritu
983 2895 1158 2946 remanente
1184 2883 1217 2943 in
1244 2880 1415 2963 precordiis

363 2979 545 3046 senserunt3
568 2968 717 3029 vietumm
738 2968 850 3049 exigua
866 2990 903 3030 ao
923 2990 1018 3053 prope
1030 2970 1114 3031 nulla
1133 2988 1202 3051 spes
1217 2978 1296 3029 erat,
1336 2962 1415 3034 Qui·
1434 3028 1439 3033 .

363 3054 437 3115 dam
459 3074 499 3115 ex
523 3054 713 3132 satellitibus,
735 3056 833 3117 secuti
858 3055 1010 3119 latronum
1035 3056 1174 3137 vestigia,
1199 3072 1293 3133 quum
1318 3070 1415 3131 usque

361 3140 403 3201 ad
414 3139 523 3220 jugum
539 3138 674 3219 Parnasi,
688 3141 894 3222 nequidquam
911 3142 1053 3224 fatigati,
1063 3141 1280 3223 peruenissent,
1306 3156 1344 3199 re
1364 3138 1415 3199 in-

361 3226 447 3287 facta
457 3225 624 3287 redierunt.
667 3227 814 3305 Adgressi
829 3228 946 3291 lacinus
962 3226 1160 3305 Macedonas,
1181 3237 1217 3288 ut
1231 3222 1415 3301 irrcousults,

361 3312 408 3373 ita
432 3311 578 3373 audacter
602 3322 750 3392 acapnum,
772 3330 831 3372 neo
863 3315 1002 3376 consulte
1026 3327 1058 3377 et
1080 3313 1188 3375 timide
1221 3311 1417 3391 reliquerunt.

361 3396 547 3479 compotem
558 3397 623 3478 js·
644 3397 691 3458 sui
711 3416 813 3478 regem
824 3398 917 3459 amici
933 3410 1056 3480 postero
1071 3400 1121 3461 die
1137 3397 1276 3461 deferunt
1295 3395 1337 3457 ad
1356 3414 1414 3454 na·

359 3502 451 3544 vemt
473 3483 544 3544 inde
560 3482 761 3545 Corinthum:
786 3482 982 3564 aCorintho,
1001 3506 1055 3567 par
1070 3482 1179 3547 Isthmi
1195 3482 1304 3565 jugum
1325 3476 1413 3540 navi·

361 3570 420 3631 bus
436 3569 597 3648 traductis,
617 3566 763 3651 AEginam
778 3569 945 3651 trajiciunt
990 3569 1036 3632 Ibi
1054 3572 1132 3633 adeo
1147 3581 1262 3632 saerata
1276 3565 1343 3648 ejus
1358 3584 1414 3629 eu-

452 3667 471 3725 ’·
486 3690 606 3761 nuptu
616 3694 684 3742 cxcv.
694 3692 770 3741 aar.
1012 3700 1026 3735 r
1042 3690 1149 3743 smnus
1158 3692 1232 3741 oron.
1242 3688 1313 3740 cm.
1339 3752 1345 3761 ,

394 3800 419 3835 ³⁹
435 3800 553 3865 Pregrm
590 3798 713 3861 Sequimur
730 3796 870 3847 emandatio-
902 3798 1024 3860 legendum
1044 3800 1115 3861 prinu
1133 3802 1228 3863 agrame.
1270 3794 1339 3845 Nihil
1361 3784 1416 3843 ma-

361 3878 417 3913 nem
428 3865 545 3913 Gronosii.
584 3864 760 3927 ulgoprugreui.
903 3864 1009 3913 tandum.

395 3928 418 3962 Β
434 3926 616 3991 Prinassum]
634 3926 713 3975 Primo
724 3928 780 3975 dam
791 3944 871 3993 proce·
910 3966 914 3975 .
936 3928 958 3964 ⁵⁴
975 3928 990 3957 ⁹
1008 3927 1121 3977 Humerus
1139 3925 1231 3992 opines]
1251 3924 1372 3975 Humerus
1383 3922 1415 3974 ita

359 3990 447 4039 debant
468 4010 482 4039 a
502 3992 567 4052 mari,
592 3993 653 4059 quod
672 3992 777 4041 Cirrham
802 3994 874 4053 alluit.
904 3992 983 4051 elisus,
991 4006 1019 4042 ot
1029 4005 1116 4042 morum
1127 4008 1268 4055 sensumque
1277 3992 1404 4041 amitteret·

361 4057 480 4105 morri
490 4056 604 4123 Delphos.
636 4056 717 4107 Cirrha
725 4070 804 4124 portus
814 4060 872 4108 Del·
937 4058 959 4092 θ
977 4058 1012 4107 Er
1021 4061 1095 4108 mrito
1106 4052 1415 4123 prmlloiiadecllne1·l'ua·

362 4120 463 4187 1horum
482 4133 524 4170 est.
556 4122 641 4173 Itidem
661 4124 795 4173 Plutarchus
813 4124 873 4173 brac
905 4139 983 4173 sumas
1000 4125 1091 4189 quidem
1103 4123 1233 4189 explicare:
1251 4121 1330 4177 multis
1341 4118 1416 4183 'eupdr

360 4190 371 4238 i
452 4200 503 4234 rem
514 4190 640 4237 narramin
652 4190 749 4239 librode
761 4190 874 4239 Fraterno
897 4188 1039 4239 'Eumenem
1054 4188 1181 4255 prolapsum
1198 4190 1249 4253 jam
1266 4184 1378 4248 masuris
1389 4184 1416 4231 ln

437 4268 461 4312 e,
477 4250 772 4304 murmuraremus
788 4258 873 4321 posltas
905 4254 1062 4303 declinaberis
1073 4258 1102 4303 ἐκ
1112 4255 1191 4303 semita
1202 4252 1302 4317 prodivi.
1323 4250 1416 4297 'l'smsn

362 4332 436 4381 quum
447 4319 494 4365 lret
503 4315 561 4379 πρὸς
579 4315 622 4364 rba
636 4319 696 4367 aaa
713 4320 760 4368 lab
774 4321 873 4372 θαλάσ-
905 4320 946 4369 hic
955 4320 1081 4370 redundare
1092 4319 1254 4371 crediderimus
1264 4316 1303 4368 rel
1313 4314 1416 4381 maa.

361 4398 418 4440 ns.
466 4382 561 4429 flustra
578 4395 632 4443 ergo
659 4384 791 4435 Gronovius
810 4388 874 4434 hamc
906 4384 978 4435 velia
989 4387 1076 4437 amsa

360 4445 423 4498 Livii
431 4448 511 4499 boum
521 4457 654 4514 smpsnrm
662 4446 874 4517 habentemque
