3184 5225
213 464 246 512 ll.
257 462 289 516 0.
300 464 355 517 58⁴.

214 530 246 584 Α.
257 530 285 579 C.
299 530 353 583 168.

375 314 434 373 17¹8
593 348 597 355 ·
799 304 890 363 Tm
904 304 1004 363 mvtt

371 460 496 522 'diorum
513 460 678 521 obcurrunt
690 456 771 540 (jam
782 459 864 521 enirn
880 480 917 520 eo
932 476 1051 539 quoque
1065 454 1201 519 victorie
1209 456 1293 517 foma
1302 456 1422 537 perlata

380 546 457 627 erat)
487 556 619 621 orantes,
643 546 703 605 ‘ut
730 544 874 619 Rhodum
897 546 1125 606 deueherentur.
1151 543 1304 625 pertinere
1327 542 1359 603 id
1380 543 1426 603 ad

381 634 392 668 ‘
407 634 519 693 lamam
535 631 723 711 salutemque
738 631 880 709 civitatis,
904 650 1029 694 noscere
1045 632 1127 713 ipsos
1141 630 1256 707 omnia,
1271 648 1339 710 qnae
1351 640 1426 689 acta

382 718 391 751 ‘
407 731 518 794 essent,
544 730 764 799 agerenturque
785 716 898 795 Rhodi,
924 729 956 778 et
981 729 1139 800 comperta
1153 736 1208 798 per
1221 736 1265 793 se,
1280 736 1343 776 non
1357 715 1426 775 vul-

382 806 392 837 ‘
407 816 480 885 gata
494 805 586 880 fama,
601 803 733 865 Romam
749 802 879 865 referre!
924 802 987 865 Diu
1002 815 1150 885 negantes
1164 802 1371 884 perpulerunt,
1385 812 1424 862 ut

381 911 499 951 moram
513 890 714 971 navigationis
727 883 846 952 brevem
861 910 917 972 pro
928 890 1025 955 salute
1040 890 1128 951 sociae
1139 889 1221 950 urbis
1236 899 1427 970 paterentur.

382 974 545 1057 Postquam
572 976 716 1038 Rhodum
742 987 866 1037 ventum
889 989 947 1053 cst,
973 976 1005 1038 in
1029 976 1210 1039 concionem
1236 994 1356 1055 quoque
1371 993 1426 1034 eos

373 1062 475 1124 'iidem
507 1062 646 1145 precibus
675 1074 898 1143 pertraxerunt.
954 1061 1109 1125 Adventus
1139 1062 1309 1142 legatorum
1328 1058 1427 1120 ‹auxtt

382 1150 483 1231 potius
498 1150 640 1211 timorem
656 1149 781 1227 civitati,
796 1169 901 1229 ·quam
925 1149 1055 1209 minuit:
1087 1149 1192 1209 omnia
1216 1148 1298 1208 enirn
1321 1144 1426 1227 Popil-

304 1264 310 1277 ·
383 1234 452 1312 lius,
475 1256 539 1315 quae
572 1235 680 1316 singuli
711 1236 902 1315 universique
925 1254 962 1295 eo
984 1234 1065 1295 bello
1093 1233 1244 1295 hostiliter
1274 1232 1427 1308 dixerant,

383 1321 587 1401 fecerantque,
608 1321 719 1382 retulit.
745 1332 787 1400 et,
808 1322 853 1382 vir
867 1341 955 1403 asper
982 1320 1116 1400 ingenio,
1132 1320 1265 1400 angebat
1279 1318 1425 1378 atrocita-

384 1418 445 1467 tem
461 1427 577 1484 eorum,
593 1427 658 1487 quae
674 1406 857 1483 dicerentur,
872 1407 955 1467 vultu
972 1406 1053 1466 truci
1073 1416 1106 1466 et
1122 1405 1312 1466 accusatoria
1325 1423 1424 1464 voce:

383 1504 427 1569 ut,
442 1513 535 1573 quum
552 1492 679 1574 propriae
694 1493 857 1554 simultatis
872 1492 956 1552 nulla
970 1510 1076 1552 caussa
1095 1511 1166 1551 cum
1188 1490 1311 1551 civitate
1331 1500 1425 1566 esset,

384 1598 422 1639 ex
436 1580 524 1639 unius
550 1579 698 1639 senatoris
722 1577 854 1639 Romani
882 1578 1057 1652 acerbitate,
1073 1577 1171 1657 qualis
1197 1576 1230 1637 'm
1245 1597 1277 1637 se
1291 1575 1426 1635 universi

383 1676 506 1725 senatus
521 1664 640 1725 animus
664 1676 754 1742 esset,
780 1664 999 1745 conjectarent.
1013 1687 1025 1747 s
1043 1661 1079 1723 C.
1095 1661 1226 1724 Decimii
1242 1661 1428 1725 moderatior

384 1752 482 1813 oratio
508 1750 576 1828 tuit,
603 1750 665 1831 qui,
692 1751 748 1811 ‘in
765 1749 915 1832 plerisque
930 1769 1046 1826 eorum,
1070 1769 1136 1829 qua
1151 1759 1428 1810 commemoratae

385 1837 394 1869 ‘
410 1834 539 1919 Popillio
548 1848 660 1914 essent,
667 1836 787 1917 culpam
798 1858 860 1897 uon
872 1856 965 1919 penes
976 1834 1133 1917 populum,
1145 1836 1297 1917 scdpencs
1309 1852 1427 1915 paucos

384 1922 396 1956 ‘
410 1923 577 1984 concitores
587 1923 668 2004 vulgi
680 1921 766 2001 esse,’
780 1923 868 1983 dixit.
879 1924 890 1956 ‘
900 1942 963 1999 eos,
973 1920 1112 1981 venalem
1122 1920 1256 2002 linguam
1268 1922 1430 1997 habentes,

383 2008 395 2041 ‘
410 2008 532 2072 decreta
547 2010 637 2091 plena
651 2008 740 2089 regiae
756 2008 977 2071 adsentationis
993 2007 1100 2068 fecisse
1115 2030 1122 2069 :
1146 2021 1179 2070 et
1192 2028 1244 2068 eas
1259 2007 1428 2088 legationes

329 2116 335 2126 ·
383 2096 397 2127 ‘
412 2094 538 2173 misisse,
554 2116 681 2177 quarum
694 2094 831 2157 Rhodios
846 2114 965 2177 semper
988 2114 1048 2155 non
1064 2094 1163 2155 minus
1177 2094 1317 2175 puderet,
1333 2112 1427 2173 qnam

204 2801 329 2853 ‘Damneti
357 2792 360 2802 ’

223 2871 262 2931 qui
274 2869 358 2916 Peneo

221 2935 330 2984 inserant.

221 3623 268 3702 aa
279 3652 364 3720 AEgyp-

208 3781 211 3788 Ι
221 3717 248 3765 r'r.

385 2182 396 2213 ‘
411 2180 584 2262 poeniteret.
628 2181 702 2251 Quae
718 2183 832 2257 omnia,
846 2186 873 2221 ³⁹
884 2182 908 2242 si
923 2191 1027 2241 tamen
1042 2180 1156 2261 populo
1175 2179 1266 2258 foret,
1279 2180 1313 2239 in
1324 2178 1430 2261 capita

382 2268 397 2300 ·‘
410 2266 570 2328 noxiorum
585 2264 727 2329 versura!
772 2266 850 2327 Cum
866 2286 983 2348 magno·
993 2266 1122 2327 adsensu
1138 2266 1258 2328 auditus
1278 2277 1337 2344 est,
1362 2284 1427 2326 non

385 2352 483 2434 magis
510 2374 558 2431 eo,
584 2353 665 2433 quod
690 2352 890 2414 multitudinis
914 2372 1028 2413 noxam
1054 2352 1203 2429 elevabat,
1229 2373 1328 2437 quam¹
1344 2351 1430 2435 quod

386 2440 506 2521 culpam
522 2440 553 2501 in
568 2448 706 2501 auctores
720 2450 861 2501 verterat.
906 2436 1012 2521 itaque
1027 2454 1120 2520 quum
1146 2440 1298 2521 principes
1321 2457 1430 2500 eornm

386 2524 533 2588 Romanis
550 2525 781 2607 responderent,
797 2543 988 2606 nequaquam
1003 2536 1106 2586 tamen
1131 2538 1197 2587 tam
1222 2537 1311 2607 grata
1324 2524 1428 2586 oratio

386 2633 491 2674 eorum
507 2613 575 2691 luit,
596 2613 657 2693 qui,
677 2633 742 2692 quae
765 2609 908 2693 Popillius
934 2610 1098 2693 objecerat,
1124 2612 1239 2672 diluere
1261 2624 1429 2693 utcumque

387 2700 490 2762 conati
512 2710 603 2775 sunt3
620 2719 718 2779 ¹quarn
745 2718 861 2776 eorum,
886 2698 937 2781 qui
961 2697 1100 2758 Decimio
1129 2699 1160 2757 in
1183 2699 1359 2758 auctoribus
1384 2698 1428 2758 td

386 2786 539 2868 piaculum
563 2805 651 2846 noxae
676 2783 856 2866 objiciendis
879 2785 997 2844 adsensi
1022 2781 1101 2844 sunt.
1142 2781 1305 2843 Decretum
1324 2784 1431 2863 igitur

387 2872 553 2953 extemplo,
575 2883 620 2949 ut,
643 2871 692 2953 qui
716 2891 771 2953 pro
805 2867 913 2930 Perseo
946 2870 1086 2930 adversus
1117 2865 1268 2929 Romanos
1306 2867 1428 2928 dixisse

387 2956 470 3036 quid,
493 2957 686 3036 emicuisse,
714 2956 976 3033 convincerentur,
1006 2955 1114 3038 capitis
1136 2953 1428 3016 condemnarentur.

386 3041 590 3105 Excesserunt
613 3045 686 3105 urbe
714 3043 807 3103 ⁴⁰sub
832 3041 963 3102 adventu
986 3039 1194 3104 Romanorum
1218 3039 1356 3121 quidam,
1371 3039 1425 3101 alii

387 3141 516 3191 mortem
544 3129 600 3189 sibi
631 3129 851 3192 consciverunt.
895 3125 1015 3209 Legati,
1041 3148 1104 3190 non
1130 3127 1209 3190 ultra
1230 3147 1322 3207 quam
1339 3126 1432 3207 quin·

363 3215 446 3297 'que
473 3216 537 3294 dies
561 3213 663 3276 Rhodi
684 3215 807 3292 morati,
832 3213 1056 3276 Alexandream
1075 3213 1316 3296 proficiscuntur.
1361 3209 1432 3273 Nec

386 3323 424 3362 co
439 3303 562 3384 segnius
572 3299 691 3383 judicia
714 3323 752 3362 ex
778 3301 902 3363 decreto
925 3321 1028 3362 coram
1054 3299 1101 3360 his
1122 3299 1205 3362 facto
1223 3297 1324 3361 Rhodi
1340 3319 1431 3361 exer·

387 3388 553 3449 cebantur:
579 3407 671 3468 quam
693 3388 947 3470 perseverantiam
969 3387 1001 3448 in
1023 3387 1217 3468 exsequenda
1237 3406 1269 3446 re
1295 3383 1431 3448 Decimii

386 3471 536 3534 lenitas*.
941 3470 948 3480 ⁴

426 3557 485 3621 Xl.
512 3559 614 3630 Quum
644 3561 708 3623 haec
744 3572 929 3640 gererentur,
957 3559 1128 3622 Antiochus
1158 3559 1268 3620 frustra
1296 3560 1428 3622 tentatis

385 3647 534 3707 moenibus
549 3644 747 3706 Alexandrea
762 3646 967 3707 abscesserat:
992 3659 1159 3727 ceteraque
1175 3641 1314 3728 AEgypto
1341 3648 1427 3728 poti-

385 3744 444 3809 tur,
473 3732 580 3792 relicto
604 3729 745 3812 Memphi
765 3730 893 3812 majore
907 3730 1079 3808 Ptolemaeo,
1109 3732 1158 3793 cui
1181 3733 1307 3813 regnum
1331 3735 1425 3813 quaeri

384 3819 446 3881 suis
472 3817 583 3880 viribus
605 3816 778 3894 simulabat,
805 3829 839 3878 ut
859 3819 1004 3884 victorem
1035 3839 1108 3878 mox
1135 3817 1363 3899 adgrederetur,
1392 3819 1428 3880 in

385 3900 504 3984 Syriam
520 3903 687 3966 exercitum
711 3903 848 3964 abduxit.
892 3902 960 3966 Nee
975 3902 1064 3984 hujus
1077 3903 1242 3965 volrmtstis
1253 3903 1432 3986 ejusigua-

384 4007 434 4046 rus
449 3987 637 4065 Ptolemaeus,
658 3989 730 4050 dum
747 3990 944 4052 conterritum
968 3991 1135 4051 obsidionis
1160 4001 1245 4051 metu
1270 3991 1426 4052 minorem

281 4121 288 4140 ,
385 4071 508 4134 fratrem
523 4075 659 4154 haberet,
677 4093 774 4157 ,posse
795 4097 827 4137 se
853 4076 947 4158 recipi
971 4073 1182 4156 Alexandreae,
1206 4088 1238 4138 et
1252 4096 1357 4138 sorore
1372 4076 1435 4137 ad-

415 4221 438 4256 ³⁹
447 4219 473 4268 Si
487 4230 559 4272 tenen
573 4226 651 4285 populo
664 4223 739 4287 soret]
763 4224 886 4274 Probabilis
904 4237 1072 4275 roremurat.

384 4295 420 4334 eet
447 4285 575 4346 conjectura
596 4290 649 4340 dac.
671 4289 795 4340 Gronorlir
825 4292 890 4338 rina
936 4289 1029 4337 ·⁴⁰Srrd
1038 4288 1144 4350 duta]
1168 4289 1377 4352 steterumt.
1391 4301 1440 4344 ut·

383 4363 442 4396 ment
457 4351 535 4408 populo
553 4353 667 4415 (Rhodio)
680 4355 752 4416 soret.
787 4354 888 4401 audem
918 4355 1245 4414 commoraturum

383 4427 466 4477 nempe
477 4412 626 4478 descripserat
635 4417 765 4482 Decimius,
785 4421 840 4468 duur
851 4417 886 4482 ip·
1171 4409 1176 4421 ⁸
