3184 5225
504 380 582 441 ma.
594 380 705 443 XLIV.
725 380 808 443 CAP.
828 384 879 441 VL
1157 391 1214 451 125

164 534 390 619 cumspioiendi
405 535 537 618 spatium
553 536 622 600 fuit.
636 537 687 601 rix
702 538 827 601 tandem
846 557 886 599 ex
903 537 1055 621 insperato
1069 539 1211 605 stabilem
1225 555 1258 605 tr.
1269 555 1299 607 c.
1310 557 1366 609 58³.

166 624 213 685 ad
228 622 426 686 insistendum
441 622 539 685 nactis
555 624 655 701 locum
670 634 791 707 postero
811 644 931 707 quoque
951 626 1000 686 die
1014 625 1046 687 in
1060 638 1124 689 tam
1138 648 1214 691 cava
1226 621 1257 671 b
1266 621 1296 673 ⁰·
1308 622 1376 705 ¹⁶⁹·—

167 708 248 771 valle
263 707 393 791 opperiri
409 707 582 791 Popillium,
597 731 634 771 ac
654 710 773 772 relictas
797 730 868 771 cum
894 730 931 772 eo
953 710 1068 793 copias,
1091 733 1213 777 necesse

164 794 250 857 ruit:
274 815 351 877 quos
363 794 503 877 stipans,
517 816 610 877 quum
622 797 663 865 ab
677 797 761 858 nulla
776 806 863 879 parte
877 795 974 857 bostis
990 798 1151 877 terruisset,
1165 799 1212 861 lo-

168 900 277 943 corum
305 879 449 965 asperitas
480 880 631 944 hostiliter
656 883 784 945 vexavit.
833 878 941 942 Tertio
967 880 1017 945 die
1043 882 1213 963 conjunctis

169 966 269 1049 copiis
284 978 359 1028 eunt
379 987 433 1049 per
447 966 569 1045 saltum,
589 988 680 1049 quem
702 967 807 1029 incolae
828 964 1025 1049 Callipeucen
1050 968 1215 1051 adpellant.

168 1056 317 1135 ”quarto
333 1050 403 1115 iude
419 1051 632 1135 dispersoque
656 1053 745 1131 invia,
772 1051 827 1113 sed
854 1050 1054 1115 adsuetudine
1079 1055 1215 1137 peritius,

166 1150 205 1201 ct
219 1138 345 1201 meliore
359 1158 430 1201 cum
445 1158 510 1221 spe,
524 1138 607 1220 quod
620 1160 677 1201 nec
689 1137 784 1201 hostis
801 1140 828 1177 ²⁸
840 1159 985 1220 umquam
994 1150 1007 1177 ⁰
1038 1139 1216 1221 adparebat,

168 1238 203 1287 et
215 1224 293 1287 mari
306 1222 602 1308 adpropinquabant,
617 1227 643 1270 ²⁷
654 1224 787 1306 degressi
799 1222 814 1262 ‘¹
828 1222 861 1285 in
872 1244 1008 1306 campos,
1020 1224 1100 1286 inter
1111 1228 1138 1264 ²⁸
1147 1224 1214 1289 He·

168 1311 307 1373 racleum
334 1322 365 1373 et
388 1306 565 1371 Libethrum
591 1321 755 1391 posuerunt
780 1320 881 1372 castra
905 1309 1063 1393 peditum:
1086 1332 1215 1391 quorum

168 1416 244 1479 pars
259 1392 359 1477 major
373 1394 505 1457 tumulos
521 1396 655 1457 tenebat.
676 1396 697 1457 ii
711 1394 832 1472 vallem,
853 1398 880 1436 ¹⁸
892 1393 992 1479 campi
1007 1415 1128 1477 quoque
1143 1417 1214 1480 par·

168 1495 249 1559 tem,
265 1482 316 1544 ubi
332 1501 424 1563 eques
438 1480 587 1559 tenderet,
602 1480 874 1565 amplectebantur.

215 1566 273 1630 Vl.
295 1566 420 1631 lavanti
445 1568 508 1649 regi
532 1566 643 1630 dicitur
664 1568 853 1644 nunciatum,
882 1567 985 1629 hostes
1012 1567 1128 1630 adesse.
1154 1587 1303 1649 quom
1312 1602 1352 1655 μ.

169 1654 286 1717 nuncio
302 1674 394 1736 quum
408 1653 535 1737 pavidus
550 1653 721 1717 exsiluisset
744 1656 799 1714 ³⁰e
820 1653 908 1731 solio,
933 1656 958 1692 ⁸¹
973 1652 1085 1717 vicmm
1101 1675 1134 1715 se
1148 1653 1214 1717 sine
1226 1670 1268 1703 ’Ν

170 1740 283 1823 proelio
309 1740 469 1803 clamitans
493 1738 662 1823 proripuit,
686 1751 727 1818 et,
751 1738 879 1801 subinde
903 1760 958 1821 per
973 1740 1033 1801 alia
1047 1753 1139 1820 atque
1154 1740 1216 1803 alia

167 1826 286 1909 pavida
310 1825 438 1889 consilia
462 1836 494 1889 et
518 1826 647 1907 imperia
672 1825 839 1907 trepidans,
868 1827 895 1863 ³²
909 1824 1025 1887 duobus
1045 1846 1084 1887 ex
1108 1824 1215 1888 amicis

168 1910 302 1993 Pellam,
317 1913 446 1975 alterum
460 1910 723 1996 Asclepiodotum,
746 1910 798 1972 ubi
823 1910 952 1994 pecunia
978 1911 1116 1995 deposita
1139 1921 1215 1988 erat,

168 2019 208 2061 ex
260 1999 383 2061 raesidiis
398 2008 539 2077 revocat3
562 2016 729 2079 omnesque
753 1996 854 2059 aditus
879 1998 978 2079 aperit
1000 1998 1091 2060 bello.
1136 1996 1215 2079 lpse,

167 2086 207 2147 ab
272 2087 302 2146 io
326 2083 476 2147 ”auratis
499 2083 606 2147 statuis
630 2083 771 2146 omnibus
797 2083 920 2165 raptim,
945 2103 983 2144 ne
1009 2084 1111 2165 praeda
1133 2081 1215 2144 hosti

168 2184 290 2251 essent,
314 2172 345 2232 in
368 2171 496 2233 classem
522 2170 686 2251 congestis,
711 2169 797 2231 ocius
821 2166 990 2250 demigrare
1008 2167 1146 2252 Pydnam
1162 2189 1215 2231 co·
1228 2169 1363 2246 stimi·

167 2256 242 2339 git=
277 2266 319 2333 et,
341 2276 407 2337 qnae
427 2256 582 2317 temeritas
604 2255 736 2317 consulis
758 2253 853 2315 videri
882 2255 1043 2336 potuisset,
1076 2253 1158 2337 quod
1180 2234 1278 2316 eom*
1295 2246 1382 2299 ψ·

167 2343 384 2424 processisset,
407 2340 489 2403 unde
505 2340 599 2403 invito
614 2340 703 2402 hoste
727 2338 847 2423 regredi
861 2339 1010 2421 nequiret,
1033 2360 1100 2401 eam
1116 2343 1143 2377 ⁸⁴
1155 2360 1217 2402 non

166 2427 381 2490 inconsultam
403 2424 562 2487 audaciam
585 2424 671 2487 lecit.
714 2423 803 2487 Duos
827 2424 908 2487 enim
934 2424 1040 2503 saltus,
1066 2446 1121 2506 per
1141 2446 1216 2507 quos

165 2513 250 2576 inde
266 2511 392 2574 evadere
407 2522 542 2594 possent,
568 2510 722 2573 habebant
746 2509 898 2573 Romani:
921 2530 1014 2571 unum
1029 2530 1083 2592 per
1099 2508 1216 2593 Tempe

167 2599 202 2662 in
219 2595 426 2676 Tbessaliam,
441 2597 568 2660 alterum
585 2596 616 2658 in
638 2594 854 2660 Macedoniarn
878 2608 985 2678 prater
1011 2592 1105 2657 Dium
1115 2619 1125 2674 3
1152 2617 1216 2680 qua

169 2696 305 2765 utraque
327 2683 418 2766 regiis
443 2683 624 2745 tenebantur
646 2682 804 2763 praesidiis.
848 2680 955 2762 Itaque
970 2682 995 2742 si
1011 2681 1074 2743 dux
1088 2681 1216 2765 intrepi·

172 2771 233 2832 dus
257 2769 364 2832 decem
393 2768 458 2830 dies
481 2768 612 2850 primam
637 2767 768 2850 speciem
793 2767 1067 2850 adpropinquantis
1093 2769 1216 2831 terroris

167 2856 377 2934 sustinuisset,
403 2857 431 2894 ⁸³
442 2873 540 2935 neque
555 2864 693 2936 receptus
709 2851 855 2916 Romdnis
870 2875 924 2936 per
937 2851 1054 2936 Tempe
1071 2853 1102 2914 in
1116 2851 1216 2916 'ibes-

168 2943 295 3021 saliam,
320 2961 419 3022 neque
446 2939 665 3002 commeatibus
689 2940 890 3029 pervehendis
914 2961 952 3002 eo
977 2940 1127 3023 patuisset
1149 2939 1217 3002 iter.
1292 3001 1298 3010 ,

308 3044 495 3110 ‘mucram
811 3042 1006 3111 ‘digrsar'Groa
1019 3046 1088 3095 cm.

178 3125 683 3256 ttfftnutsffrtrftututu:
713 3125 1219 3254 trrtuutfutsttstsut

178 3254 356 3383 8ἱεὲθῃὶὅῖφωιι]
373 3319 541 3384 Olimamun
582 3319 684 3368 Matreu
714 3255 961 3368 'dlfnlleslltbbscblbsmll’
977 3255 1220 3371 rlsffllilslgndblgl

180 3383 296 3446 Sigonius.
716 3381 789 3430 Simul
810 3384 919 3446 Hippiam
941 3395 966 3431 er
982 3382 1169 3446 Asclepiodotum
1190 3400 1219 3434 ax

214 3447 356 3526 θρέψαι]
377 3450 438 3514 Lege
457 3465 511 3499 cum
528 3448 630 3510 sigonio,
647 3450 685 3496 de·
716 3447 826 3511 praesidiis
835 3459 932 3497 revocat.
966 3447 992 3494 ln
1009 3463 1038 3496 eo
1048 3457 1125 3495 tamen
1135 3447 1221 3498 discre-

177 3527 245 3578 gresrr
715 3523 754 3626 pat
775 3510 890 3560 Diodorus
907 3528 920 3560 a
938 3512 1012 3570 Livio,
1028 3513 1086 3576 quod
1105 3528 1146 3576 pro
1164 3515 1221 3564 urbs

210 3547 390 3641 ”benenom
420 3575 458 3626 sie
472 3577 535 3626 dedit
546 3577 685 3628 Gronovius.
737 3576 780 3624 ella
792 3577 896 3624 nominat
908 3577 1018 3625 Piraeum.

179 3639 413 3754 dageecllerpestmrr
428 3652 553 3718 corrupte..
629 3705 656 3720 ..
675 3729 686 3741 ⁸
717 3639 1221 3736 ·³³Auratirrtutar'rJ.Intelligeio'sigoem
1266 3673 1273 3682 ,

263 3705 425 3772 umprquopu]
452 3705 674 3769 Gronoviuslegrju
717 3705 778 3753 rllsm
801 3717 910 3764 turmam,
927 3707 1020 3770 Lysippi
1041 3723 1110 3770 opus.
1131 3709 1154 3754 rd
1176 3718 1222 3766 est,

172 3769 347 3902 'mamilli'
362 3835 494 3885 misma
535 3833 641 3886 „am
660 3835 684 3882 a
716 3770 1222 3902 lttlztttt‘jttlltillut!

176 3901 379 3998 agriplqu'isredens
388 3851 535 3978 latratum1³0
617 3968 623 3978 .
643 3867 662 3978 l·
718 3903 828 3979 simomm
837 3901 937 3950 virorum
954 3902 979 3950 ia
994 3915 1071 3966 pragae
1088 3902 1117 3948 ad
1135 3899 1221 3948 Grani·

182 4027 221 4076 Bis
232 3959 684 4092 'rrllblllgzealddmrllzloeqbrmrlrllinsl'lllll
718 3983 770 4066 wll
780 3983 991 4082 llldllllrrsbbladmn
1007 4030 1134 4094 audomaro]
1165 4029 1222 4080 Hoc

181 4095 327 4174 exprimatur.
361 4093 685 4152 Claminmserictumesse,
716 4095 814 4146 debetur
832 4096 932 4157 sigonio.
964 4097 1052 4153 Antea,
1071 4112 1114 4144 non
1134 4096 1222 4144 musul-

123 4189 135 4216 .
179 4169 204 4206 te
229 4173 334 4223 rorrpsur.
717 4170 769 4210 tam.

182 4283 209 4333 sir
240 4221 388 4346 Pboebllb:
385 4240 444 4352 qul:¹
445 4239 485 4336 ¹cena
501 4221 660 4347 fllllmrbfral,1
659 4241 684 4338 bl
715 4223 1222 4355 inwimwmmrlgoebffl

179 4361 215 4398 ἐι
245 4353 357 4431 iadoroin
371 4351 685 4466 ⁸¹“‘¹’¹'0l¹¹⁸⁸‘⁸1l¹'¹'l,⁶,';
715 4353 1222 4472 pledenrurguceimrplipirhppspipanartpsnta

183 4418 686 4554 ffltffibbnNhluuilnlaprofimcbdinlbssitul’elg
745 4435 793 4562 nl·
848 4431 883 4477 en
908 4437 923 4470 u
1057 4435 1170 4488 mola·
