<?xml version="1.0" encoding="UTF-8"?>
<!DOCTYPE html PUBLIC "-//W3C//DTD XHTML 1.0 Transitional//EN"
    "http://www.w3.org/TR/xhtml1/DTD/xhtml1-transitional.dtd">
<html xmlns="http://www.w3.org/1999/xhtml" xml:lang="en" lang="en">
 <head>
  <title>
</title>
<meta http-equiv="Content-Type" content="text/html;charset=utf-8" />
  <meta name='ocr-system' content='tesseract 3.04.00' />
  <meta name='ocr-capabilities' content='ocr_page ocr_carea ocr_par ocr_line ocrx_word'/>
</head>
<body>
  <div class='ocr_page' id='page_1' title='image "./tliviipatavinih02grongoog_0024.png"; bbox 0 0 3184 5225; ppageno 0'>
   <div class='ocr_carea' id='block_1_1' title="bbox 365 375 998 436">
    <p class='ocr_par' dir='ltr' id='par_1_1' title="bbox 365 375 998 436">
     <span class='ocr_line' id='line_1_1' title="bbox 365 375 998 436; baseline 0.002 -2"><span class='ocrx_word' id='word_1_1' title='bbox 365 381 401 436; x_wconf 80' lang='lat'><strong>16</strong></span> <span class='ocrx_word' id='word_1_2' title='bbox 786 377 872 435; x_wconf 80' lang='lat' dir='ltr'><strong>‘rm</strong></span> <span class='ocrx_word' id='word_1_3' title='bbox 895 375 998 435; x_wconf 81' lang='lat' dir='ltr'><strong>Ltvn</strong></span> 
     </span>
    </p>
   </div>
   <div class='ocr_carea' id='block_1_2' title="bbox 196 530 1414 703">
    <p class='ocr_par' dir='ltr' id='par_1_2' title="bbox 196 530 1414 703">
     <span class='ocr_line' id='line_1_2' title="bbox 197 530 1413 617; baseline -0.002 -21"><span class='ocrx_word' id='word_1_4' title='bbox 197 531 230 582; x_wconf 68' lang='lat' dir='ltr'><strong>U·</strong></span> <span class='ocrx_word' id='word_1_5' title='bbox 241 530 272 582; x_wconf 79' lang='lat'>⁰</span> <span class='ocrx_word' id='word_1_6' title='bbox 283 530 351 609; x_wconf 41' lang='grc' dir='ltr'><strong>ΜΞΝ</strong></span> <span class='ocrx_word' id='word_1_7' title='bbox 363 531 540 610; x_wconf 87' lang='lat' dir='ltr'><strong>scriberent,</strong></span> <span class='ocrx_word' id='word_1_8' title='bbox 556 545 588 594; x_wconf 89' lang='lat' dir='ltr'><strong>et</strong></span> <span class='ocrx_word' id='word_1_9' title='bbox 603 533 764 596; x_wconf 74' lang='lat' dir='ltr'><strong>trecenos‘</strong></span> <span class='ocrx_word' id='word_1_10' title='bbox 786 533 926 616; x_wconf 82' lang='lat' dir='ltr'><strong>equites3</strong></span> <span class='ocrx_word' id='word_1_11' title='bbox 955 543 987 595; x_wconf 92' lang='lat' dir='ltr'><strong>et</strong></span> <span class='ocrx_word' id='word_1_12' title='bbox 1007 534 1085 595; x_wconf 86' lang='lat' dir='ltr'><strong>dena</strong></span> <span class='ocrx_word' id='word_1_13' title='bbox 1101 533 1197 596; x_wconf 88' lang='lat' dir='ltr'><strong>millia</strong></span> <span class='ocrx_word' id='word_1_14' title='bbox 1211 533 1347 617; x_wconf 89' lang='lat' dir='ltr'><strong>peditum</strong></span> <span class='ocrx_word' id='word_1_15' title='bbox 1363 553 1413 593; x_wconf 85' lang='lat' dir='ltr'><strong>sc-</strong></span> 
     </span>
     <span class='ocr_line' id='line_1_3' title="bbox 196 595 1414 703; baseline -0.002 -20"><span class='ocrx_word' id='word_1_16' title='bbox 196 597 229 646; x_wconf 79' lang='lat' dir='ltr'><strong>A.</strong></span> <span class='ocrx_word' id='word_1_17' title='bbox 241 597 270 648; x_wconf 51' lang='grc' dir='ltr'><strong>ί·</strong></span> <span class='ocrx_word' id='word_1_18' title='bbox 285 595 339 648; x_wconf 83' lang='lat'><strong>¹⁷⁰·</strong></span> <span class='ocrx_word' id='word_1_19' title='bbox 363 619 418 680; x_wconf 88' lang='lat' dir='ltr'><strong>ciis</strong></span> <span class='ocrx_word' id='word_1_20' title='bbox 434 620 609 700; x_wconf 79' lang='lat' dir='ltr'><strong>hominique</strong></span> <span class='ocrx_word' id='word_1_21' title='bbox 626 618 749 698; x_wconf 86' lang='lat' dir='ltr'><strong>Latino,</strong></span> <span class='ocrx_word' id='word_1_22' title='bbox 764 632 797 683; x_wconf 89' lang='lat' dir='ltr'><strong>et</strong></span> <span class='ocrx_word' id='word_1_23' title='bbox 812 629 983 682; x_wconf 72' lang='lat' dir='ltr'><strong>sexcenosg</strong></span> <span class='ocrx_word' id='word_1_24' title='bbox 998 621 1184 702; x_wconf 80' lang='lat' dir='ltr'><strong>imperarent</strong></span> <span class='ocrx_word' id='word_1_25' title='bbox 1200 621 1326 703; x_wconf 85' lang='lat' dir='ltr'><strong>equites.</strong></span> <span class='ocrx_word' id='word_1_26' title='bbox 1362 617 1414 681; x_wconf 89' lang='lat' dir='ltr'><strong>Ti.</strong></span> 
     </span>
    </p>
   </div>
   <div class='ocr_carea' id='block_1_3' title="bbox 274 703 1414 3549">
    <p class='ocr_par' dir='ltr' id='par_1_3' title="bbox 363 703 1414 854">
     <span class='ocr_line' id='line_1_4' title="bbox 364 703 1414 789; baseline 0.002 -24"><span class='ocrx_word' id='word_1_27' title='bbox 364 703 494 767; x_wconf 87' lang='lat' dir='ltr'><strong>Claudio</strong></span> <span class='ocrx_word' id='word_1_28' title='bbox 509 719 705 788; x_wconf 83' lang='lat' dir='ltr'><strong>prorogatum</strong></span> <span class='ocrx_word' id='word_1_29' title='bbox 721 719 768 768; x_wconf 85' lang='lat' dir='ltr'><strong>est</strong></span> <span class='ocrx_word' id='word_1_30' title='bbox 782 708 944 789; x_wconf 89' lang='lat' dir='ltr'><strong>imperium</strong></span> <span class='ocrx_word' id='word_1_31' title='bbox 959 705 992 772; x_wconf 89' lang='lat' dir='ltr'><strong>in</strong></span> <span class='ocrx_word' id='word_1_32' title='bbox 1007 706 1040 767; x_wconf 92' lang='lat' dir='ltr'><strong>id</strong></span> <span class='ocrx_word' id='word_1_33' title='bbox 1055 717 1185 789; x_wconf 87' lang='lat' dir='ltr'><strong>tempus,</strong></span> <span class='ocrx_word' id='word_1_34' title='bbox 1209 727 1271 786; x_wconf 91' lang='lat' dir='ltr'><strong>quo</strong></span> <span class='ocrx_word' id='word_1_35' title='bbox 1294 708 1326 769; x_wconf 95' lang='lat' dir='ltr'><strong>in</strong></span> <span class='ocrx_word' id='word_1_36' title='bbox 1341 727 1414 788; x_wconf 90' lang='lat' dir='ltr'><strong>pro-</strong></span> 
     </span>
     <span class='ocr_line' id='line_1_5' title="bbox 363 791 773 854; baseline 0.007 -3"><span class='ocrx_word' id='word_1_37' title='bbox 363 791 493 854; x_wconf 86' lang='lat' dir='ltr'><strong>vinciam</strong></span> <span class='ocrx_word' id='word_1_38' title='bbox 510 794 616 854; x_wconf 91' lang='lat' dir='ltr'><strong>consul</strong></span> <span class='ocrx_word' id='word_1_39' title='bbox 630 793 773 854; x_wconf 79' lang='lat' dir='ltr'><strong>venisset.</strong></span> 
     </span>
    </p>

    <p class='ocr_par' dir='ltr' id='par_1_4' title="bbox 358 875 1414 3031">
     <span class='ocr_line' id='line_1_6' title="bbox 406 875 1414 959; baseline 0.002 -21"><span class='ocrx_word' id='word_1_40' title='bbox 406 875 476 939; x_wconf 88' lang='lat' dir='ltr'><strong>XV.</strong></span> <span class='ocrx_word' id='word_1_41' title='bbox 506 877 589 940; x_wconf 88' lang='lat' dir='ltr'><strong>Dum</strong></span> <span class='ocrx_word' id='word_1_42' title='bbox 604 879 644 940; x_wconf 89' lang='lat' dir='ltr'><strong>de</strong></span> <span class='ocrx_word' id='word_1_43' title='bbox 666 879 713 941; x_wconf 87' lang='lat' dir='ltr'><strong>bis</strong></span> <span class='ocrx_word' id='word_1_44' title='bbox 737 879 827 940; x_wconf 88' lang='lat' dir='ltr'><strong>rebus</strong></span> <span class='ocrx_word' id='word_1_45' title='bbox 852 878 882 939; x_wconf 93' lang='lat' dir='ltr'><strong>in</strong></span> <span class='ocrx_word' id='word_1_46' title='bbox 911 890 1018 940; x_wconf 89' lang='lat' dir='ltr'><strong>senatu</strong></span> <span class='ocrx_word' id='word_1_47' title='bbox 1041 879 1149 959; x_wconf 86' lang='lat' dir='ltr'><strong>agitur,</strong></span> <span class='ocrx_word' id='word_1_48' title='bbox 1167 876 1226 938; x_wconf 92' lang='lat' dir='ltr'><strong>Cn.</strong></span> <span class='ocrx_word' id='word_1_49' title='bbox 1243 876 1414 954; x_wconf 89' lang='lat' dir='ltr'><strong>Cornelius,</strong></span> 
     </span>
     <span class='ocr_line' id='line_1_7' title="bbox 363 964 1414 1046; baseline 0.002 -22"><span class='ocrx_word' id='word_1_50' title='bbox 363 978 506 1027; x_wconf 87' lang='lat' dir='ltr'><strong>evocatus</strong></span> <span class='ocrx_word' id='word_1_51' title='bbox 522 986 541 1025; x_wconf 91' lang='lat' dir='ltr'><strong>a</strong></span> <span class='ocrx_word' id='word_1_52' title='bbox 555 965 680 1041; x_wconf 84' lang='lat' dir='ltr'><strong>viatore,</strong></span> <span class='ocrx_word' id='word_1_53' title='bbox 695 985 788 1045; x_wconf 91' lang='lat' dir='ltr'><strong>quum</strong></span> <span class='ocrx_word' id='word_1_54' title='bbox 804 964 921 1046; x_wconf 89' lang='lat' dir='ltr'><strong>templo</strong></span> <span class='ocrx_word' id='word_1_55' title='bbox 945 985 1081 1046; x_wconf 85' lang='lat' dir='ltr'><strong>egressus</strong></span> <span class='ocrx_word' id='word_1_56' title='bbox 1104 975 1195 1040; x_wconf 87' lang='lat' dir='ltr'><strong>esset,</strong></span> <span class='ocrx_word' id='word_1_57' title='bbox 1216 965 1320 1046; x_wconf 90' lang='lat' dir='ltr'><strong>paullo</strong></span> <span class='ocrx_word' id='word_1_58' title='bbox 1342 977 1414 1046; x_wconf 88' lang='lat' dir='ltr'><strong>post</strong></span> 
     </span>
     <span class='ocr_line' id='line_1_8' title="bbox 363 1049 1414 1134; baseline -0.001 -23"><span class='ocrx_word' id='word_1_59' title='bbox 363 1051 454 1112; x_wconf 91' lang='lat' dir='ltr'><strong>rediit</strong></span> <span class='ocrx_word' id='word_1_60' title='bbox 468 1051 594 1112; x_wconf 82' lang='lat' dir='ltr'><strong>confuso</strong></span> <span class='ocrx_word' id='word_1_61' title='bbox 608 1050 703 1128; x_wconf 90' lang='lat' dir='ltr'><strong>vultu,</strong></span> <span class='ocrx_word' id='word_1_62' title='bbox 724 1062 757 1112; x_wconf 90' lang='lat' dir='ltr'><strong>et</strong></span> <span class='ocrx_word' id='word_1_63' title='bbox 779 1051 923 1132; x_wconf 74' lang='lat' dir='ltr'><strong>exposuit</strong></span> <span class='ocrx_word' id='word_1_64' title='bbox 939 1049 1078 1112; x_wconf 88' lang='lat' dir='ltr'><strong>Patribus</strong></span> <span class='ocrx_word' id='word_1_65' title='bbox 1102 1050 1292 1134; x_wconf 83' lang='lat' dir='ltr'><strong>conscriptis,</strong></span> <span class='ocrx_word' id='word_1_66' title='bbox 1319 1053 1343 1088; x_wconf 79' lang='lat'><strong>⁰¹</strong></span> <span class='ocrx_word' id='word_1_67' title='bbox 1356 1051 1414 1110; x_wconf 91' lang='lat' dir='ltr'><strong>bo·</strong></span> 
     </span>
     <span class='ocr_line' id='line_1_9' title="bbox 362 1135 1412 1217; baseline 0 -21"><span class='ocrx_word' id='word_1_68' title='bbox 362 1137 407 1196; x_wconf 87' lang='lat' dir='ltr'><strong>vis</strong></span> <span class='ocrx_word' id='word_1_69' title='bbox 432 1136 607 1213; x_wconf 66' lang='lat' dir='ltr'><strong>sesmaria,</strong></span> <span class='ocrx_word' id='word_1_70' title='bbox 634 1156 726 1216; x_wconf 90' lang='lat' dir='ltr'><strong>quem</strong></span> <span class='ocrx_word' id='word_1_71' title='bbox 751 1136 967 1214; x_wconf 76' lang='lat' dir='ltr'><strong>immolavisset,</strong></span> <span class='ocrx_word' id='word_1_72' title='bbox 997 1139 1024 1174; x_wconf 79' lang='lat'><strong>⁶²</strong></span> <span class='ocrx_word' id='word_1_73' title='bbox 1031 1135 1118 1217; x_wconf 89' lang='lat' dir='ltr'><strong>jecur</strong></span> <span class='ocrx_word' id='word_1_74' title='bbox 1140 1135 1310 1198; x_wconf 84' lang='lat' dir='ltr'><strong>deduxisse.</strong></span> <span class='ocrx_word' id='word_1_75' title='bbox 1330 1135 1363 1196; x_wconf 91' lang='lat' dir='ltr'><strong>id</strong></span> <span class='ocrx_word' id='word_1_76' title='bbox 1379 1156 1412 1196; x_wconf 87' lang='lat' dir='ltr'><strong>se</strong></span> 
     </span>
     <span class='ocr_line' id='line_1_10' title="bbox 362 1222 1412 1306; baseline 0.001 -25"><span class='ocrx_word' id='word_1_77' title='bbox 362 1222 533 1284; x_wconf 85' lang='lat' dir='ltr'><strong>victimario</strong></span> <span class='ocrx_word' id='word_1_78' title='bbox 553 1223 710 1284; x_wconf 88' lang='lat' dir='ltr'><strong>nuncianti</strong></span> <span class='ocrx_word' id='word_1_79' title='bbox 735 1243 842 1304; x_wconf 88' lang='lat' dir='ltr'><strong>parum</strong></span> <span class='ocrx_word' id='word_1_80' title='bbox 865 1223 1052 1301; x_wconf 83' lang='lat' dir='ltr'><strong>credentem,</strong></span> <span class='ocrx_word' id='word_1_81' title='bbox 1072 1222 1171 1306; x_wconf 88' lang='lat' dir='ltr'><strong>ipsum</strong></span> <span class='ocrx_word' id='word_1_82' title='bbox 1187 1243 1297 1304; x_wconf 88' lang='lat' dir='ltr'><strong>aquam</strong></span> <span class='ocrx_word' id='word_1_83' title='bbox 1312 1222 1412 1282; x_wconf 83' lang='lat' dir='ltr'><strong>effun-</strong></span> 
     </span>
     <span class='ocr_line' id='line_1_11' title="bbox 363 1307 1411 1392; baseline 0.001 -25"><span class='ocrx_word' id='word_1_84' title='bbox 363 1307 395 1367; x_wconf 91' lang='lat' dir='ltr'><strong>di</strong></span> <span class='ocrx_word' id='word_1_85' title='bbox 410 1328 450 1368; x_wconf 83' lang='lat' dir='ltr'><strong>ex</strong></span> <span class='ocrx_word' id='word_1_86' title='bbox 464 1308 535 1386; x_wconf 88' lang='lat' dir='ltr'><strong>olla,</strong></span> <span class='ocrx_word' id='word_1_87' title='bbox 557 1308 608 1369; x_wconf 91' lang='lat' dir='ltr'><strong>ubi</strong></span> <span class='ocrx_word' id='word_1_88' title='bbox 632 1319 705 1370; x_wconf 80' lang='lat' dir='ltr'><strong>exta</strong></span> <span class='ocrx_word' id='word_1_89' title='bbox 727 1321 940 1391; x_wconf 85' lang='lat' dir='ltr'><strong>coquerentur,</strong></span> <span class='ocrx_word' id='word_1_90' title='bbox 963 1308 1106 1392; x_wconf 86' lang='lat' dir='ltr'><strong>jussisse:</strong></span> <span class='ocrx_word' id='word_1_91' title='bbox 1132 1320 1164 1370; x_wconf 89' lang='lat' dir='ltr'><strong>et</strong></span> <span class='ocrx_word' id='word_1_92' title='bbox 1188 1309 1300 1369; x_wconf 85' lang='lat' dir='ltr'><strong>vidisse</strong></span> <span class='ocrx_word' id='word_1_93' title='bbox 1327 1317 1411 1369; x_wconf 87' lang='lat' dir='ltr'><strong>cete-</strong></span> 
     </span>
     <span class='ocr_line' id='line_1_12' title="bbox 363 1393 1412 1477; baseline 0.001 -24"><span class='ocrx_word' id='word_1_94' title='bbox 363 1414 426 1454; x_wconf 91' lang='lat' dir='ltr'><strong>ram</strong></span> <span class='ocrx_word' id='word_1_95' title='bbox 450 1394 599 1476; x_wconf 84' lang='lat' dir='ltr'><strong>integram</strong></span> <span class='ocrx_word' id='word_1_96' title='bbox 624 1408 743 1476; x_wconf 87' lang='lat' dir='ltr'><strong>partem</strong></span> <span class='ocrx_word' id='word_1_97' title='bbox 767 1407 919 1474; x_wconf 83' lang='lat' dir='ltr'><strong>extorum,</strong></span> <span class='ocrx_word' id='word_1_98' title='bbox 940 1393 1028 1477; x_wconf 86' lang='lat' dir='ltr'><strong>jecur</strong></span> <span class='ocrx_word' id='word_1_99' title='bbox 1053 1416 1144 1457; x_wconf 87' lang='lat' dir='ltr'><strong>omne</strong></span> <span class='ocrx_word' id='word_1_100' title='bbox 1169 1393 1412 1455; x_wconf 81' lang='lat' dir='ltr'><strong>inenarrabiliter</strong></span> 
     </span>
     <span class='ocr_line' id='line_1_13' title="bbox 362 1479 1412 1565; baseline -0.002 -24"><span class='ocrx_word' id='word_1_101' title='bbox 362 1480 545 1542; x_wconf 87' lang='lat' dir='ltr'><strong>absumtum.</strong></span> <span class='ocrx_word' id='word_1_102' title='bbox 588 1479 715 1543; x_wconf 87' lang='lat' dir='ltr'><strong>Territis</strong></span> <span class='ocrx_word' id='word_1_103' title='bbox 740 1503 779 1543; x_wconf 87' lang='lat' dir='ltr'><strong>eo</strong></span> <span class='ocrx_word' id='word_1_104' title='bbox 805 1481 945 1565; x_wconf 81' lang='lat' dir='ltr'><strong>prodigio</strong></span> <span class='ocrx_word' id='word_1_105' title='bbox 970 1480 1121 1559; x_wconf 85' lang='lat' dir='ltr'><strong>Patribus,</strong></span> <span class='ocrx_word' id='word_1_106' title='bbox 1147 1492 1180 1543; x_wconf 87' lang='lat' dir='ltr'><strong>et</strong></span> <span class='ocrx_word' id='word_1_107' title='bbox 1205 1481 1282 1542; x_wconf 88' lang='lat' dir='ltr'><strong>alter</strong></span> <span class='ocrx_word' id='word_1_108' title='bbox 1306 1479 1412 1540; x_wconf 87' lang='lat' dir='ltr'><strong>consul</strong></span> 
     </span>
     <span class='ocr_line' id='line_1_14' title="bbox 361 1566 1410 1650; baseline 0 -25"><span class='ocrx_word' id='word_1_109' title='bbox 361 1585 466 1627; x_wconf 89' lang='lat' dir='ltr'><strong>curam</strong></span> <span class='ocrx_word' id='word_1_110' title='bbox 482 1566 615 1648; x_wconf 81' lang='lat' dir='ltr'><strong>adjecit=</strong></span> <span class='ocrx_word' id='word_1_111' title='bbox 644 1569 694 1649; x_wconf 88' lang='lat' dir='ltr'><strong>qni</strong></span> <span class='ocrx_word' id='word_1_112' title='bbox 710 1589 752 1646; x_wconf 85' lang='lat' dir='ltr'><strong>se,</strong></span> <span class='ocrx_word' id='word_1_113' title='bbox 768 1567 852 1649; x_wconf 89' lang='lat' dir='ltr'><strong>quod</strong></span> <span class='ocrx_word' id='word_1_114' title='bbox 867 1580 960 1650; x_wconf 89' lang='lat' dir='ltr'><strong>caput</strong></span> <span class='ocrx_word' id='word_1_115' title='bbox 974 1566 1107 1649; x_wconf 90' lang='lat' dir='ltr'><strong>jocinori</strong></span> <span class='ocrx_word' id='word_1_116' title='bbox 1132 1567 1289 1642; x_wconf 81' lang='lat' dir='ltr'><strong>defuisset,</strong></span> <span class='ocrx_word' id='word_1_117' title='bbox 1315 1566 1410 1627; x_wconf 90' lang='lat' dir='ltr'><strong>tribus</strong></span> 
     </span>
     <span class='ocr_line' id='line_1_15' title="bbox 361 1645 1410 1736; baseline 0 -25"><span class='ocrx_word' id='word_1_118' title='bbox 361 1651 459 1713; x_wconf 88' lang='lat' dir='ltr'><strong>bubus</strong></span> <span class='ocrx_word' id='word_1_119' title='bbox 486 1645 641 1734; x_wconf 76' lang='lat' dir='ltr'><strong>perlitasse</strong></span> <span class='ocrx_word' id='word_1_120' title='bbox 670 1655 804 1736; x_wconf 85' lang='lat' dir='ltr'><strong>negavit.</strong></span> <span class='ocrx_word' id='word_1_121' title='bbox 848 1652 978 1716; x_wconf 88' lang='lat' dir='ltr'><strong>Senatus</strong></span> <span class='ocrx_word' id='word_1_122' title='bbox 1005 1653 1170 1736; x_wconf 88' lang='lat' dir='ltr'><strong>majoribus</strong></span> <span class='ocrx_word' id='word_1_123' title='bbox 1190 1653 1299 1714; x_wconf 89' lang='lat' dir='ltr'><strong>hostiis</strong></span> <span class='ocrx_word' id='word_1_124' title='bbox 1314 1671 1410 1732; x_wconf 87' lang='lat' dir='ltr'><strong>usque</strong></span> 
     </span>
     <span class='ocr_line' id='line_1_16' title="bbox 362 1737 1410 1823; baseline 0.001 -25"><span class='ocrx_word' id='word_1_125' title='bbox 362 1738 403 1798; x_wconf 87' lang='lat' dir='ltr'><strong>ad</strong></span> <span class='ocrx_word' id='word_1_126' title='bbox 418 1738 589 1802; x_wconf 86' lang='lat' dir='ltr'><strong>litationem</strong></span> <span class='ocrx_word' id='word_1_127' title='bbox 603 1740 766 1803; x_wconf 83' lang='lat' dir='ltr'><strong>sacrificari</strong></span> <span class='ocrx_word' id='word_1_128' title='bbox 787 1739 889 1821; x_wconf 89' lang='lat' dir='ltr'><strong>jussit.</strong></span> <span class='ocrx_word' id='word_1_129' title='bbox 935 1739 1052 1803; x_wconf 82' lang='lat' dir='ltr'><strong>Ceteris</strong></span> <span class='ocrx_word' id='word_1_130' title='bbox 1073 1739 1141 1801; x_wconf 89' lang='lat' dir='ltr'><strong>Diis</strong></span> <span class='ocrx_word' id='word_1_131' title='bbox 1164 1741 1339 1823; x_wconf 89' lang='lat' dir='ltr'><strong>perlitatum</strong></span> <span class='ocrx_word' id='word_1_132' title='bbox 1364 1737 1410 1799; x_wconf 87' lang='lat' dir='ltr'><strong>fe·</strong></span> 
     </span>
     <span class='ocr_line' id='line_1_17' title="bbox 362 1823 1408 1909; baseline -0.001 -24"><span class='ocrx_word' id='word_1_133' title='bbox 362 1837 451 1902; x_wconf 82' lang='lat' dir='ltr'><strong>runt3</strong></span> <span class='ocrx_word' id='word_1_134' title='bbox 484 1823 582 1888; x_wconf 83' lang='lat' dir='ltr'><strong>Saluti</strong></span> <span class='ocrx_word' id='word_1_135' title='bbox 613 1825 765 1890; x_wconf 90' lang='lat' dir='ltr'><strong>Petillium</strong></span> <span class='ocrx_word' id='word_1_136' title='bbox 796 1827 956 1909; x_wconf 84' lang='lat' dir='ltr'><strong>perlitasse</strong></span> <span class='ocrx_word' id='word_1_137' title='bbox 986 1837 1111 1908; x_wconf 83' lang='lat' dir='ltr'><strong>negant.</strong></span> <span class='ocrx_word' id='word_1_138' title='bbox 1168 1823 1243 1887; x_wconf 92' lang='lat' dir='ltr'><strong>lnde</strong></span> <span class='ocrx_word' id='word_1_139' title='bbox 1269 1824 1408 1886; x_wconf 89' lang='lat' dir='ltr'><strong>consules</strong></span> 
     </span>
     <span class='ocr_line' id='line_1_18' title="bbox 362 1911 1410 1994; baseline -0.004 -20"><span class='ocrx_word' id='word_1_140' title='bbox 362 1924 565 1994; x_wconf 78' lang='lat' dir='ltr'><strong>praetoresque</strong></span> <span class='ocrx_word' id='word_1_141' title='bbox 580 1914 750 1994; x_wconf 88' lang='lat' dir='ltr'><strong>provincias</strong></span> <span class='ocrx_word' id='word_1_142' title='bbox 763 1913 874 1976; x_wconf 87' lang='lat' dir='ltr'><strong>sortiti.</strong></span> <span class='ocrx_word' id='word_1_143' title='bbox 919 1917 946 1953; x_wconf 81' lang='lat'><strong>⁶³</strong></span> <span class='ocrx_word' id='word_1_144' title='bbox 959 1911 1034 1974; x_wconf 76' lang='lat' dir='ltr'><strong>Pisae</strong></span> <span class='ocrx_word' id='word_1_145' title='bbox 1045 1911 1107 1982; x_wconf 71' lang='grc' dir='ltr'><strong>Ι(Σιι.</strong></span> <span class='ocrx_word' id='word_1_146' title='bbox 1120 1911 1274 1988; x_wconf 89' lang='lat' dir='ltr'><strong>Cornelio,</strong></span> <span class='ocrx_word' id='word_1_147' title='bbox 1284 1911 1410 1993; x_wconf 83' lang='lat' dir='ltr'><strong>Ligures</strong></span> 
     </span>
     <span class='ocr_line' id='line_1_19' title="bbox 363 1995 1410 2083; baseline -0.002 -23"><span class='ocrx_word' id='word_1_148' title='bbox 363 1995 484 2060; x_wconf 85' lang='lat' dir='ltr'><strong>Petillio</strong></span> <span class='ocrx_word' id='word_1_149' title='bbox 506 2000 703 2062; x_wconf 89' lang='lat' dir='ltr'><strong>obvenerunt.</strong></span> <span class='ocrx_word' id='word_1_150' title='bbox 745 1998 903 2078; x_wconf 85' lang='lat' dir='ltr'><strong>Praetores,</strong></span> <span class='ocrx_word' id='word_1_151' title='bbox 924 1998 958 2061; x_wconf 84' lang='lat' dir='ltr'><strong>L.</strong></span> <span class='ocrx_word' id='word_1_152' title='bbox 973 1999 1111 2083; x_wconf 85' lang='lat' dir='ltr'><strong>Papirius</strong></span> <span class='ocrx_word' id='word_1_153' title='bbox 1137 1997 1228 2060; x_wconf 87' lang='lat' dir='ltr'><strong>Maso</strong></span> <span class='ocrx_word' id='word_1_154' title='bbox 1252 1999 1410 2074; x_wconf 90' lang='lat' dir='ltr'><strong>urbanam,</strong></span> 
     </span>
     <span class='ocr_line' id='line_1_20' title="bbox 360 2082 1409 2168; baseline -0.002 -22"><span class='ocrx_word' id='word_1_155' title='bbox 360 2082 409 2146; x_wconf 88' lang='lat' dir='ltr'><strong>M.</strong></span> <span class='ocrx_word' id='word_1_156' title='bbox 432 2086 563 2148; x_wconf 85' lang='lat' dir='ltr'><strong>Aburius</strong></span> <span class='ocrx_word' id='word_1_157' title='bbox 593 2089 672 2148; x_wconf 87' lang='lat' dir='ltr'><strong>inter</strong></span> <span class='ocrx_word' id='word_1_158' title='bbox 702 2087 887 2168; x_wconf 82' lang='lat' dir='ltr'><strong>peregrinos,</strong></span> <span class='ocrx_word' id='word_1_159' title='bbox 919 2087 1018 2148; x_wconf 88' lang='lat' dir='ltr'><strong>sortiti</strong></span> <span class='ocrx_word' id='word_1_160' title='bbox 1045 2097 1125 2148; x_wconf 87' lang='lat' dir='ltr'><strong>sunt.</strong></span> <span class='ocrx_word' id='word_1_161' title='bbox 1175 2083 1221 2146; x_wconf 88' lang='lat' dir='ltr'><strong>lll.</strong></span> <span class='ocrx_word' id='word_1_162' title='bbox 1251 2083 1409 2146; x_wconf 87' lang='lat' dir='ltr'><strong>Cornelius</strong></span> 
     </span>
     <span class='ocr_line' id='line_1_21' title="bbox 361 2168 1408 2255; baseline -0.004 -22"><span class='ocrx_word' id='word_1_163' title='bbox 361 2168 466 2251; x_wconf 88' lang='lat' dir='ltr'><strong>Scipio</strong></span> <span class='ocrx_word' id='word_1_164' title='bbox 497 2170 720 2255; x_wconf 85' lang='lat' dir='ltr'><strong>Maluginensis</strong></span> <span class='ocrx_word' id='word_1_165' title='bbox 758 2171 941 2254; x_wconf 88' lang='lat' dir='ltr'><strong>Hispaniam</strong></span> <span class='ocrx_word' id='word_1_166' title='bbox 980 2173 1165 2251; x_wconf 89' lang='lat' dir='ltr'><strong>ulteriorem,</strong></span> <span class='ocrx_word' id='word_1_167' title='bbox 1194 2170 1230 2234; x_wconf 77' lang='lat' dir='ltr'><strong>L.</strong></span> <span class='ocrx_word' id='word_1_168' title='bbox 1259 2170 1408 2252; x_wconf 88' lang='lat' dir='ltr'><strong>Aquillius</strong></span> 
     </span>
     <span class='ocr_line' id='line_1_22' title="bbox 360 2255 1409 2340; baseline -0.003 -22"><span class='ocrx_word' id='word_1_169' title='bbox 360 2256 465 2319; x_wconf 89' lang='lat' dir='ltr'><strong>Gallus</strong></span> <span class='ocrx_word' id='word_1_170' title='bbox 481 2255 620 2320; x_wconf 88' lang='lat' dir='ltr'><strong>Siciliam</strong></span> <span class='ocrx_word' id='word_1_171' title='bbox 635 2258 751 2321; x_wconf 87' lang='lat' dir='ltr'><strong>babuit.</strong></span> <span class='ocrx_word' id='word_1_172' title='bbox 794 2258 866 2320; x_wconf 90' lang='lat' dir='ltr'><strong>Duo</strong></span> <span class='ocrx_word' id='word_1_173' title='bbox 881 2259 1037 2340; x_wconf 89' lang='lat' dir='ltr'><strong>deprecati</strong></span> <span class='ocrx_word' id='word_1_174' title='bbox 1064 2272 1147 2336; x_wconf 88' lang='lat' dir='ltr'><strong>sunt,</strong></span> <span class='ocrx_word' id='word_1_175' title='bbox 1171 2279 1211 2319; x_wconf 92' lang='lat' dir='ltr'><strong>ne</strong></span> <span class='ocrx_word' id='word_1_176' title='bbox 1231 2258 1261 2319; x_wconf 93' lang='lat' dir='ltr'><strong>in</strong></span> <span class='ocrx_word' id='word_1_177' title='bbox 1286 2256 1409 2338; x_wconf 88' lang='lat' dir='ltr'><strong>provin·</strong></span> 
     </span>
     <span class='ocr_line' id='line_1_23' title="bbox 359 2342 1408 2428; baseline -0.004 -22"><span class='ocrx_word' id='word_1_178' title='bbox 359 2345 423 2406; x_wconf 85' lang='lat' dir='ltr'><strong>cias</strong></span> <span class='ocrx_word' id='word_1_179' title='bbox 439 2345 538 2407; x_wconf 80' lang='lat' dir='ltr'><strong>irent:</strong></span> <span class='ocrx_word' id='word_1_180' title='bbox 562 2343 610 2407; x_wconf 81' lang='lat' dir='ltr'><strong>dl.</strong></span> <span class='ocrx_word' id='word_1_181' title='bbox 622 2342 768 2428; x_wconf 89' lang='lat' dir='ltr'><strong>Popillius</strong></span> <span class='ocrx_word' id='word_1_182' title='bbox 782 2345 815 2406; x_wconf 94' lang='lat' dir='ltr'><strong>in</strong></span> <span class='ocrx_word' id='word_1_183' title='bbox 831 2343 1014 2407; x_wconf 87' lang='lat' dir='ltr'><strong>Sardiniam.</strong></span> <span class='ocrx_word' id='word_1_184' title='bbox 1049 2343 1243 2406; x_wconf 89' lang='lat' dir='ltr'><strong>‘Gracchum</strong></span> <span class='ocrx_word' id='word_1_185' title='bbox 1255 2363 1322 2404; x_wconf 90' lang='lat' dir='ltr'><strong>carn</strong></span> <span class='ocrx_word' id='word_1_186' title='bbox 1335 2363 1408 2424; x_wconf 87' lang='lat' dir='ltr'><strong>pro-</strong></span> 
     </span>
     <span class='ocr_line' id='line_1_24' title="bbox 359 2428 1408 2514; baseline -0.001 -24"><span class='ocrx_word' id='word_1_187' title='bbox 359 2431 517 2491; x_wconf 87' lang='lat' dir='ltr'><strong>‘vinciam</strong></span> <span class='ocrx_word' id='word_1_188' title='bbox 533 2451 653 2513; x_wconf 87' lang='lat' dir='ltr'><strong>pacare,</strong></span> <span class='ocrx_word' id='word_1_189' title='bbox 676 2435 703 2470; x_wconf 76' lang='lat'><strong>⁰⁴</strong></span> <span class='ocrx_word' id='word_1_190' title='bbox 714 2443 746 2492; x_wconf 88' lang='lat' dir='ltr'><strong>et</strong></span> <span class='ocrx_word' id='word_1_191' title='bbox 755 2430 793 2492; x_wconf 84' lang='lat' dir='ltr'><strong>T.</strong></span> <span class='ocrx_word' id='word_1_192' title='bbox 807 2429 969 2493; x_wconf 85' lang='lat' dir='ltr'><strong>AEbutium</strong></span> <span class='ocrx_word' id='word_1_193' title='bbox 994 2444 1151 2514; x_wconf 81' lang='lat' dir='ltr'><strong>praetorem</strong></span> <span class='ocrx_word' id='word_1_194' title='bbox 1174 2428 1343 2512; x_wconf 88' lang='lat' dir='ltr'><strong>adjutorem</strong></span> <span class='ocrx_word' id='word_1_195' title='bbox 1369 2429 1408 2489; x_wconf 90' lang='lat' dir='ltr'><strong>ab</strong></span> 
     </span>
     <span class='ocr_line' id='line_1_25' title="bbox 360 2514 1407 2599; baseline 0.002 -24"><span class='ocrx_word' id='word_1_196' title='bbox 360 2515 495 2576; x_wconf 90' lang='lat' dir='ltr'><strong>‘senatu</strong></span> <span class='ocrx_word' id='word_1_197' title='bbox 511 2516 617 2578; x_wconf 91' lang='lat' dir='ltr'><strong>datum</strong></span> <span class='ocrx_word' id='word_1_198' title='bbox 633 2536 709 2578; x_wconf 88' lang='lat' dir='ltr'><strong>csse.</strong></span> <span class='ocrx_word' id='word_1_199' title='bbox 746 2514 930 2599; x_wconf 88' lang='lat' dir='ltr'><strong>Interrumpi</strong></span> <span class='ocrx_word' id='word_1_200' title='bbox 947 2529 1085 2580; x_wconf 87' lang='lat' dir='ltr'><strong>tenorem</strong></span> <span class='ocrx_word' id='word_1_201' title='bbox 1105 2539 1215 2594; x_wconf 82' lang='lat' dir='ltr'><strong>rerum,</strong></span> <span class='ocrx_word' id='word_1_202' title='bbox 1242 2518 1274 2577; x_wconf 91' lang='lat' dir='ltr'><strong>in</strong></span> <span class='ocrx_word' id='word_1_203' title='bbox 1299 2515 1407 2597; x_wconf 88' lang='lat' dir='ltr'><strong>quibus</strong></span> 
     </span>
     <span class='ocr_line' id='line_1_26' title="bbox 360 2599 1407 2685; baseline -0.001 -22"><span class='ocrx_word' id='word_1_204' title='bbox 360 2599 371 2633; x_wconf 89' lang='lat'>‘</span> <span class='ocrx_word' id='word_1_205' title='bbox 386 2602 565 2684; x_wconf 76' lang='lat' dir='ltr'><strong>peragendis</strong></span> <span class='ocrx_word' id='word_1_206' title='bbox 581 2602 773 2665; x_wconf 87' lang='lat' dir='ltr'><strong>continuatio</strong></span> <span class='ocrx_word' id='word_1_207' title='bbox 787 2604 856 2685; x_wconf 89' lang='lat' dir='ltr'><strong>ipsa</strong></span> <span class='ocrx_word' id='word_1_208' title='bbox 870 2605 1079 2667; x_wconf 86' lang='lat' dir='ltr'><strong>efficacissima</strong></span> <span class='ocrx_word' id='word_1_209' title='bbox 1089 2616 1179 2681; x_wconf 86' lang='lat' dir='ltr'><strong>esset,</strong></span> <span class='ocrx_word' id='word_1_210' title='bbox 1195 2602 1320 2664; x_wconf 91' lang='lat' dir='ltr'><strong>minime</strong></span> <span class='ocrx_word' id='word_1_211' title='bbox 1332 2622 1407 2663; x_wconf 87' lang='lat' dir='ltr'><strong>con-</strong></span> 
     </span>
     <span class='ocr_line' id='line_1_27' title="bbox 360 2688 1407 2775; baseline 0 -27"><span class='ocrx_word' id='word_1_212' title='bbox 360 2688 497 2751; x_wconf 74' lang='lat' dir='ltr'><strong>‘renira</strong></span> <span class='ocrx_word' id='word_1_213' title='bbox 520 2688 606 2752; x_wconf 89' lang='lat' dir='ltr'><strong>lnter</strong></span> <span class='ocrx_word' id='word_1_214' title='bbox 619 2690 815 2752; x_wconf 86' lang='lat' dir='ltr'><strong>traditionem</strong></span> <span class='ocrx_word' id='word_1_215' title='bbox 835 2691 954 2775; x_wconf 90' lang='lat' dir='ltr'><strong>imperii</strong></span> <span class='ocrx_word' id='word_1_216' title='bbox 970 2692 1197 2772; x_wconf 88' lang='lat' dir='ltr'><strong>novitatemque</strong></span> <span class='ocrx_word' id='word_1_217' title='bbox 1213 2689 1407 2765; x_wconf 87' lang='lat' dir='ltr'><strong>successoris,</strong></span> 
     </span>
     <span class='ocr_line' id='line_1_28' title="bbox 360 2775 1407 2859; baseline -0.001 -23"><span class='ocrx_word' id='word_1_218' title='bbox 360 2775 371 2808; x_wconf 94' lang='lat'>‘</span> <span class='ocrx_word' id='word_1_219' title='bbox 386 2796 451 2855; x_wconf 84' lang='lat' dir='ltr'><strong>quae</strong></span> <span class='ocrx_word' id='word_1_220' title='bbox 462 2776 622 2838; x_wconf 86' lang='lat' dir='ltr'><strong>noscendis</strong></span> <span class='ocrx_word' id='word_1_221' title='bbox 633 2776 726 2858; x_wconf 86' lang='lat' dir='ltr'><strong>prius,</strong></span> <span class='ocrx_word' id='word_1_222' title='bbox 739 2796 830 2858; x_wconf 86' lang='lat' dir='ltr'><strong>quam</strong></span> <span class='ocrx_word' id='word_1_223' title='bbox 843 2779 980 2859; x_wconf 84' lang='lat' dir='ltr'><strong>agendis,</strong></span> <span class='ocrx_word' id='word_1_224' title='bbox 990 2779 1078 2841; x_wconf 89' lang='lat' dir='ltr'><strong>rebus</strong></span> <span class='ocrx_word' id='word_1_225' title='bbox 1089 2776 1254 2839; x_wconf 89' lang='lat' dir='ltr'><strong>imbuenda</strong></span> <span class='ocrx_word' id='word_1_226' title='bbox 1264 2776 1315 2853; x_wconf 90' lang='lat' dir='ltr'><strong>sit,</strong></span> <span class='ocrx_word' id='word_1_227' title='bbox 1327 2796 1407 2857; x_wconf 84' lang='lat' dir='ltr'><strong>saepe</strong></span> 
     </span>
     <span class='ocr_line' id='line_1_29' title="bbox 359 2861 1406 2945; baseline -0.002 -23"><span class='ocrx_word' id='word_1_228' title='bbox 359 2862 370 2895; x_wconf 93' lang='lat'>‘</span> <span class='ocrx_word' id='word_1_229' title='bbox 385 2862 463 2923; x_wconf 89' lang='lat' dir='ltr'><strong>bene</strong></span> <span class='ocrx_word' id='word_1_230' title='bbox 478 2862 617 2943; x_wconf 72' lang='lat' dir='ltr'><strong>gerendae</strong></span> <span class='ocrx_word' id='word_1_231' title='bbox 637 2863 681 2923; x_wconf 87' lang='lat' dir='ltr'><strong>rei</strong></span> <span class='ocrx_word' id='word_1_232' title='bbox 693 2864 871 2925; x_wconf 87' lang='lat' dir='ltr'><strong>occasiones</strong></span> <span class='ocrx_word' id='word_1_233' title='bbox 892 2863 1094 2927; x_wconf 68' lang='lat' dir='ltr'><strong>intercidere!</strong></span> <span class='ocrx_word' id='word_1_234' title='bbox 1139 2861 1271 2925; x_wconf 88' lang='lat' dir='ltr'><strong>Probata</strong></span> <span class='ocrx_word' id='word_1_235' title='bbox 1285 2861 1406 2945; x_wconf 90' lang='lat' dir='ltr'><strong>Popillii</strong></span> 
     </span>
     <span class='ocr_line' id='line_1_30' title="bbox 358 2946 1406 3031; baseline -0.001 -22"><span class='ocrx_word' id='word_1_236' title='bbox 358 2950 515 3010; x_wconf 85' lang='lat' dir='ltr'><strong>excusatio</strong></span> <span class='ocrx_word' id='word_1_237' title='bbox 530 2960 589 3011; x_wconf 87' lang='lat' dir='ltr'><strong>est.</strong></span> <span class='ocrx_word' id='word_1_238' title='bbox 632 2946 666 3010; x_wconf 92' lang='lat' dir='ltr'><strong>P.</strong></span> <span class='ocrx_word' id='word_1_239' title='bbox 683 2947 816 3011; x_wconf 85' lang='lat' dir='ltr'><strong>Licinius</strong></span> <span class='ocrx_word' id='word_1_240' title='bbox 832 2948 958 3013; x_wconf 88' lang='lat' dir='ltr'><strong>Crassus</strong></span> <span class='ocrx_word' id='word_1_241' title='bbox 974 2950 1129 3012; x_wconf 82' lang='lat' dir='ltr'><strong>sacrificiis</strong></span> <span class='ocrx_word' id='word_1_242' title='bbox 1144 2972 1176 3011; x_wconf 90' lang='lat' dir='ltr'><strong>sc</strong></span> <span class='ocrx_word' id='word_1_243' title='bbox 1198 2948 1326 3031; x_wconf 89' lang='lat' dir='ltr'><strong>inpediri</strong></span> <span class='ocrx_word' id='word_1_244' title='bbox 1344 2948 1406 3008; x_wconf 90' lang='lat' dir='ltr'><strong>sol-</strong></span> 
     </span>
    </p>

    <p class='ocr_par' dir='ltr' id='par_1_5' title="bbox 274 3032 1404 3549">
     <span class='ocr_line' id='line_1_31' title="bbox 274 3032 1404 3121; baseline -0.001 -26"><span class='ocrx_word' id='word_1_245' title='bbox 274 3078 278 3083; x_wconf 81' lang='lat'>-</span> <span class='ocrx_word' id='word_1_246' title='bbox 358 3035 509 3097; x_wconf 88' lang='lat' dir='ltr'><strong>lemnibus</strong></span> <span class='ocrx_word' id='word_1_247' title='bbox 536 3037 711 3113; x_wconf 84' lang='lat' dir='ltr'><strong>excusabat,</strong></span> <span class='ocrx_word' id='word_1_248' title='bbox 736 3056 776 3099; x_wconf 90' lang='lat' dir='ltr'><strong>ne</strong></span> <span class='ocrx_word' id='word_1_249' title='bbox 790 3038 822 3098; x_wconf 91' lang='lat' dir='ltr'><strong>in</strong></span> <span class='ocrx_word' id='word_1_250' title='bbox 839 3038 1026 3121; x_wconf 82' lang='lat' dir='ltr'><strong>provinciam</strong></span> <span class='ocrx_word' id='word_1_251' title='bbox 1051 3037 1118 3099; x_wconf 88' lang='lat' dir='ltr'><strong>iret.</strong></span> <span class='ocrx_word' id='word_1_252' title='bbox 1174 3034 1304 3097; x_wconf 87' lang='lat' dir='ltr'><strong>Citerior</strong></span> <span class='ocrx_word' id='word_1_253' title='bbox 1327 3032 1404 3095; x_wconf 87' lang='lat' dir='ltr'><strong>His·</strong></span> 
     </span>
     <span class='ocr_line' id='line_1_32' title="bbox 356 3118 1403 3203; baseline -0.002 -21"><span class='ocrx_word' id='word_1_254' title='bbox 356 3122 450 3203; x_wconf 89' lang='lat' dir='ltr'><strong>pania</strong></span> <span class='ocrx_word' id='word_1_255' title='bbox 473 3123 648 3186; x_wconf 86' lang='lat' dir='ltr'><strong>obvenerat.</strong></span> <span class='ocrx_word' id='word_1_256' title='bbox 695 3120 840 3185; x_wconf 87' lang='lat' dir='ltr'><strong>Ceterum</strong></span> <span class='ocrx_word' id='word_1_257' title='bbox 865 3134 918 3185; x_wconf 89' lang='lat' dir='ltr'><strong>aut</strong></span> <span class='ocrx_word' id='word_1_258' title='bbox 948 3124 991 3184; x_wconf 92' lang='lat' dir='ltr'><strong>irc</strong></span> <span class='ocrx_word' id='word_1_259' title='bbox 1011 3122 1123 3203; x_wconf 88' lang='lat' dir='ltr'><strong>jussus,</strong></span> <span class='ocrx_word' id='word_1_260' title='bbox 1146 3132 1199 3183; x_wconf 88' lang='lat' dir='ltr'><strong>aut</strong></span> <span class='ocrx_word' id='word_1_261' title='bbox 1220 3118 1323 3200; x_wconf 88' lang='lat' dir='ltr'><strong>jurare</strong></span> <span class='ocrx_word' id='word_1_262' title='bbox 1347 3140 1403 3203; x_wconf 91' lang='lat' dir='ltr'><strong>pro</strong></span> 
     </span>
     <span class='ocr_line' id='line_1_33' title="bbox 357 3204 1404 3292; baseline -0.002 -24"><span class='ocrx_word' id='word_1_263' title='bbox 357 3209 518 3286; x_wconf 89' lang='lat' dir='ltr'><strong>concione,</strong></span> <span class='ocrx_word' id='word_1_264' title='bbox 542 3209 682 3272; x_wconf 92' lang='lat' dir='ltr'><strong>sollemni</strong></span> <span class='ocrx_word' id='word_1_265' title='bbox 705 3210 854 3273; x_wconf 87' lang='lat' dir='ltr'><strong>sacrificio</strong></span> <span class='ocrx_word' id='word_1_266' title='bbox 876 3232 909 3271; x_wconf 90' lang='lat' dir='ltr'><strong>se</strong></span> <span class='ocrx_word' id='word_1_267' title='bbox 932 3208 1095 3292; x_wconf 88' lang='lat' dir='ltr'><strong>prohiberi.</strong></span> <span class='ocrx_word' id='word_1_268' title='bbox 1121 3208 1151 3269; x_wconf 91' lang='lat' dir='ltr'><strong>id</strong></span> <span class='ocrx_word' id='word_1_269' title='bbox 1172 3208 1223 3268; x_wconf 92' lang='lat' dir='ltr'><strong>nbi</strong></span> <span class='ocrx_word' id='word_1_270' title='bbox 1247 3207 1279 3267; x_wconf 92' lang='lat' dir='ltr'><strong>in</strong></span> <span class='ocrx_word' id='word_1_271' title='bbox 1299 3204 1333 3268; x_wconf 91' lang='lat' dir='ltr'><strong>P.</strong></span> <span class='ocrx_word' id='word_1_272' title='bbox 1351 3204 1404 3266; x_wconf 91' lang='lat' dir='ltr'><strong>Li·</strong></span> 
     </span>
     <span class='ocr_line' id='line_1_34' title="bbox 357 3293 1403 3377; baseline 0.001 -23"><span class='ocrx_word' id='word_1_273' title='bbox 357 3294 439 3357; x_wconf 86' lang='lat' dir='ltr'><strong>cinio</strong></span> <span class='ocrx_word' id='word_1_274' title='bbox 469 3296 514 3357; x_wconf 89' lang='lat' dir='ltr'><strong>ita</strong></span> <span class='ocrx_word' id='word_1_275' title='bbox 537 3306 686 3358; x_wconf 89' lang='lat' dir='ltr'><strong>statutum</strong></span> <span class='ocrx_word' id='word_1_276' title='bbox 711 3308 767 3375; x_wconf 87' lang='lat' dir='ltr'><strong>est,</strong></span> <span class='ocrx_word' id='word_1_277' title='bbox 793 3307 825 3360; x_wconf 86' lang='lat' dir='ltr'><strong>e&#39;t</strong></span> <span class='ocrx_word' id='word_1_278' title='bbox 849 3298 887 3359; x_wconf 92' lang='lat' dir='ltr'><strong>ab</strong></span> <span class='ocrx_word' id='word_1_279' title='bbox 912 3318 945 3359; x_wconf 88' lang='lat' dir='ltr'><strong>se</strong></span> <span class='ocrx_word' id='word_1_280' title='bbox 976 3296 1021 3358; x_wconf 92' lang='lat' dir='ltr'><strong>uti</strong></span> <span class='ocrx_word' id='word_1_281' title='bbox 1044 3293 1255 3377; x_wconf 87' lang='lat' dir='ltr'><strong>jusjurandum</strong></span> <span class='ocrx_word' id='word_1_282' title='bbox 1283 3294 1403 3377; x_wconf 89' lang='lat' dir='ltr'><strong>accipe·</strong></span> 
     </span>
     <span class='ocr_line' id='line_1_35' title="bbox 357 3380 1402 3466; baseline 0.001 -26"><span class='ocrx_word' id='word_1_283' title='bbox 357 3394 436 3459; x_wconf 90' lang='lat' dir='ltr'><strong>rent,</strong></span> <span class='ocrx_word' id='word_1_284' title='bbox 458 3380 505 3442; x_wconf 88' lang='lat' dir='ltr'><strong>lll.</strong></span> <span class='ocrx_word' id='word_1_285' title='bbox 526 3380 684 3464; x_wconf 81' lang='lat' dir='ltr'><strong>Cornelius</strong></span> <span class='ocrx_word' id='word_1_286' title='bbox 706 3385 882 3466; x_wconf 89' lang='lat' dir='ltr'><strong>postulavit,</strong></span> <span class='ocrx_word' id='word_1_287' title='bbox 908 3404 946 3445; x_wconf 92' lang='lat' dir='ltr'><strong>nc</strong></span> <span class='ocrx_word' id='word_1_288' title='bbox 970 3384 1002 3444; x_wconf 93' lang='lat' dir='ltr'><strong>in</strong></span> <span class='ocrx_word' id='word_1_289' title='bbox 1023 3380 1204 3466; x_wconf 83' lang='lat' dir='ltr'><strong>Hispaniam</strong></span> <span class='ocrx_word' id='word_1_290' title='bbox 1228 3382 1402 3443; x_wconf 88' lang='lat' dir='ltr'><strong>ulteriorem</strong></span> 
     </span>
     <span class='ocr_line' id='line_1_36' title="bbox 357 3464 1402 3549; baseline 0.004 -23"><span class='ocrx_word' id='word_1_291' title='bbox 357 3464 424 3528; x_wconf 87' lang='lat' dir='ltr'><strong>iret.</strong></span> <span class='ocrx_word' id='word_1_292' title='bbox 485 3466 629 3530; x_wconf 76' lang='lat' dir='ltr'><strong>Praetores</strong></span> <span class='ocrx_word' id='word_1_293' title='bbox 667 3471 758 3532; x_wconf 91' lang='lat' dir='ltr'><strong>ambo</strong></span> <span class='ocrx_word' id='word_1_294' title='bbox 793 3472 826 3532; x_wconf 94' lang='lat' dir='ltr'><strong>in</strong></span> <span class='ocrx_word' id='word_1_295' title='bbox 859 3472 968 3532; x_wconf 90' lang='lat' dir='ltr'><strong>eadem</strong></span> <span class='ocrx_word' id='word_1_296' title='bbox 1016 3471 1107 3529; x_wconf 88' lang='lat' dir='ltr'><strong>verba</strong></span> <span class='ocrx_word' id='word_1_297' title='bbox 1144 3470 1171 3508; x_wconf 77' lang='lat'><strong>⁶⁶</strong></span> <span class='ocrx_word' id='word_1_298' title='bbox 1186 3465 1402 3549; x_wconf 87' lang='lat' dir='ltr'><strong>jurejurarunt.</strong></span> 
     </span>
    </p>
   </div>
   <div class='ocr_carea' id='block_1_4' title="bbox 401 3568 1275 3645">
    <p class='ocr_par' dir='ltr' id='par_1_6' title="bbox 401 3568 1275 3645">
     <span class='ocr_line' id='line_1_37' title="bbox 401 3568 1275 3645; baseline 0 -5"><span class='ocrx_word' id='word_1_299' title='bbox 401 3568 404 3583; x_wconf 50' lang='grc' dir='ltr'>Ι</span> <span class='ocrx_word' id='word_1_300' title='bbox 457 3578 462 3592; x_wconf 67' lang='grc'><strong>’</strong></span> <span class='ocrx_word' id='word_1_301' title='bbox 488 3588 609 3641; x_wconf 72' lang='lat' dir='ltr'><strong>‘trecenta</strong></span> <span class='ocrx_word' id='word_1_302' title='bbox 620 3592 774 3645; x_wconf 75' lang='lat' dir='ltr'><strong>GronCrev.</strong></span> <span class='ocrx_word' id='word_1_303' title='bbox 1076 3601 1203 3645; x_wconf 73' lang='lat' dir='ltr'><strong>tamenta</strong></span> <span class='ocrx_word' id='word_1_304' title='bbox 1211 3594 1275 3643; x_wconf 81' lang='lat' dir='ltr'><strong>Erad.</strong></span> 
     </span>
    </p>
   </div>
   <div class='ocr_carea' id='block_1_5' title="bbox 353 3708 1428 4558">
    <p class='ocr_par' dir='ltr' id='par_1_7' title="bbox 355 3708 1402 3901">
     <span class='ocr_line' id='line_1_38' title="bbox 355 3708 1400 3773; baseline 0.007 -19"><span class='ocrx_word' id='word_1_305' title='bbox 355 3708 488 3764; x_wconf 70' lang='lat' dir='ltr'><strong>err-ilerum,-</strong></span> <span class='ocrx_word' id='word_1_306' title='bbox 513 3709 581 3769; x_wconf 83' lang='lat' dir='ltr'><strong>quino</strong></span> <span class='ocrx_word' id='word_1_307' title='bbox 601 3710 671 3756; x_wconf 82' lang='lat' dir='ltr'><strong>millia</strong></span> <span class='ocrx_word' id='word_1_308' title='bbox 687 3710 710 3756; x_wconf 86' lang='lat' dir='ltr'><strong>in</strong></span> <span class='ocrx_word' id='word_1_309' title='bbox 727 3709 825 3771; x_wconf 75' lang='lat' dir='ltr'><strong>singulm</strong></span> <span class='ocrx_word' id='word_1_310' title='bbox 842 3720 864 3757; x_wconf 81' lang='lat' dir='ltr'><strong>et</strong></span> <span class='ocrx_word' id='word_1_311' title='bbox 896 3708 979 3758; x_wconf 76' lang='lat' dir='ltr'><strong>delabi.</strong></span> <span class='ocrx_word' id='word_1_312' title='bbox 1013 3708 1045 3757; x_wconf 77' lang='lat' dir='ltr'><strong>At</strong></span> <span class='ocrx_word' id='word_1_313' title='bbox 1069 3710 1108 3760; x_wconf 86' lang='lat' dir='ltr'><strong>bic</strong></span> <span class='ocrx_word' id='word_1_314' title='bbox 1128 3713 1195 3771; x_wconf 77' lang='lat' dir='ltr'><strong>Jecur</strong></span> <span class='ocrx_word' id='word_1_315' title='bbox 1217 3710 1400 3773; x_wconf 79' lang='lat' dir='ltr'><strong>colliquefactum</strong></span> 
     </span>
     <span class='ocr_line' id='line_1_39' title="bbox 355 3772 1402 3849; baseline 0.005 -30"><span class='ocrx_word' id='word_1_316' title='bbox 355 3773 446 3819; x_wconf 68' lang='lat' dir='ltr'><strong>dracmas</strong></span> <span class='ocrx_word' id='word_1_317' title='bbox 467 3772 556 3834; x_wconf 79' lang='lat' dir='ltr'><strong>pedites,</strong></span> <span class='ocrx_word' id='word_1_318' title='bbox 574 3782 667 3822; x_wconf 76' lang='lat' dir='ltr'><strong>trecensi</strong></span> <span class='ocrx_word' id='word_1_319' title='bbox 686 3774 773 3835; x_wconf 78' lang='lat' dir='ltr'><strong>equitea</strong></span> <span class='ocrx_word' id='word_1_320' title='bbox 808 3774 863 3849; x_wconf 60' lang='lat' dir='ltr'><strong>yid.</strong></span> <span class='ocrx_word' id='word_1_321' title='bbox 895 3786 954 3834; x_wconf 84' lang='lat' dir='ltr'><strong>erar,</strong></span> <span class='ocrx_word' id='word_1_322' title='bbox 966 3784 1000 3831; x_wconf 85' lang='lat' dir='ltr'><strong>et,</strong></span> <span class='ocrx_word' id='word_1_323' title='bbox 1015 3787 1041 3823; x_wconf 89' lang='lat' dir='ltr'><strong>ut</strong></span> <span class='ocrx_word' id='word_1_324' title='bbox 1052 3792 1105 3825; x_wconf 80' lang='lat' dir='ltr'><strong>mox</strong></span> <span class='ocrx_word' id='word_1_325' title='bbox 1116 3775 1207 3835; x_wconf 81' lang='lat' dir='ltr'><strong>dicitur,</strong></span> <span class='ocrx_word' id='word_1_326' title='bbox 1223 3778 1402 3826; x_wconf 67' lang='lat' dir='ltr'><strong>irretractabiliter</strong></span> 
     </span>
     <span class='ocr_line' id='line_1_40' title="bbox 355 3838 1036 3901; baseline 0.004 -17"><span class='ocrx_word' id='word_1_327' title='bbox 355 3851 431 3900; x_wconf 74' lang='lat' dir='ltr'><strong>snpra,</strong></span> <span class='ocrx_word' id='word_1_328' title='bbox 441 3852 463 3885; x_wconf 83' lang='lat' dir='ltr'><strong>c.</strong></span> <span class='ocrx_word' id='word_1_329' title='bbox 476 3842 498 3886; x_wconf 81' lang='lat'><strong>9.</strong></span> <span class='ocrx_word' id='word_1_330' title='bbox 510 3852 533 3885; x_wconf 86' lang='lat' dir='ltr'><strong>et</strong></span> <span class='ocrx_word' id='word_1_331' title='bbox 545 3838 561 3888; x_wconf 88' lang='lat' dir='ltr'><strong>l.</strong></span> <span class='ocrx_word' id='word_1_332' title='bbox 575 3852 618 3889; x_wconf 74' lang='grc' dir='ltr'>ιιι.</span> <span class='ocrx_word' id='word_1_333' title='bbox 628 3854 649 3886; x_wconf 87' lang='lat' dir='ltr'><strong>c.</strong></span> <span class='ocrx_word' id='word_1_334' title='bbox 664 3840 702 3885; x_wconf 77' lang='lat'><strong>18.</strong></span> <span class='ocrx_word' id='word_1_335' title='bbox 893 3841 1036 3901; x_wconf 84' lang='lat' dir='ltr'><strong>absumptum.</strong></span> 
     </span>
    </p>

    <p class='ocr_par' dir='ltr' id='par_1_8' title="bbox 353 3900 1428 4558">
     <span class='ocr_line' id='line_1_41' title="bbox 385 3900 1402 3971; baseline 0.007 -24"><span class='ocrx_word' id='word_1_336' title='bbox 385 3900 616 3969; x_wconf 48' lang='lat' dir='ltr'><strong>unvammans]</strong></span> <span class='ocrx_word' id='word_1_337' title='bbox 649 3902 728 3967; x_wconf 75' lang='lat' dir='ltr'><strong>Hujus</strong></span> <span class='ocrx_word' id='word_1_338' title='bbox 739 3904 801 3950; x_wconf 77' lang='lat' dir='ltr'><strong>voris</strong></span> <span class='ocrx_word' id='word_1_339' title='bbox 811 3920 860 3953; x_wconf 87' lang='lat' dir='ltr'><strong>om-</strong></span> <span class='ocrx_word' id='word_1_340' title='bbox 925 3906 945 3939; x_wconf 63' lang='grc' dir='ltr'><strong>θ’</strong></span> <span class='ocrx_word' id='word_1_341' title='bbox 958 3904 1014 3952; x_wconf 76' lang='lat' dir='ltr'><strong>Pice</strong></span> <span class='ocrx_word' id='word_1_342' title='bbox 1034 3904 1077 3951; x_wconf 83' lang='lat' dir='ltr'><strong>Cn.</strong></span> <span class='ocrx_word' id='word_1_343' title='bbox 1100 3902 1210 3966; x_wconf 71' lang='lat' dir='ltr'><strong>cornelio,</strong></span> <span class='ocrx_word' id='word_1_344' title='bbox 1237 3906 1333 3971; x_wconf 80' lang='lat' dir='ltr'><strong>Ligures</strong></span> <span class='ocrx_word' id='word_1_345' title='bbox 1356 3906 1402 3955; x_wconf 82' lang='lat' dir='ltr'><strong>Pc-</strong></span> 
     </span>
     <span class='ocr_line' id='line_1_42' title="bbox 354 3966 1400 4035; baseline 0.005 -24"><span class='ocrx_word' id='word_1_346' title='bbox 354 3966 410 4011; x_wconf 84' lang='lat' dir='ltr'><strong>nino</strong></span> <span class='ocrx_word' id='word_1_347' title='bbox 442 3967 557 4025; x_wconf 74' lang='lat' dir='ltr'><strong>ignoratur</strong></span> <span class='ocrx_word' id='word_1_348' title='bbox 591 3983 678 4015; x_wconf 71' lang='lat' dir='ltr'><strong>cemus.</strong></span> <span class='ocrx_word' id='word_1_349' title='bbox 728 3966 861 4033; x_wconf 69' lang='lat' dir='ltr'><strong>suspicetur</strong></span> <span class='ocrx_word' id='word_1_350' title='bbox 894 3968 960 4031; x_wconf 86' lang='lat' dir='ltr'><strong>tillio]</strong></span> <span class='ocrx_word' id='word_1_351' title='bbox 986 3968 1138 4031; x_wconf 74' lang='lat' dir='ltr'><strong>velumque</strong></span> <span class='ocrx_word' id='word_1_352' title='bbox 1158 3972 1287 4021; x_wconf 78' lang='lat' dir='ltr'><strong>addendum</strong></span> <span class='ocrx_word' id='word_1_353' title='bbox 1308 3988 1400 4035; x_wconf 82' lang='lat' dir='ltr'><strong>praeno.</strong></span> 
     </span>
     <span class='ocr_line' id='line_1_43' title="bbox 356 4028 1401 4099; baseline 0.011 -24"><span class='ocrx_word' id='word_1_354' title='bbox 356 4028 484 4076; x_wconf 81' lang='lat' dir='ltr'><strong>Gutbcrius</strong></span> <span class='ocrx_word' id='word_1_355' title='bbox 502 4031 539 4078; x_wconf 85' lang='lat' dir='ltr'><strong>vel</strong></span> <span class='ocrx_word' id='word_1_356' title='bbox 564 4048 615 4080; x_wconf 80' lang='lat' dir='ltr'><strong>earn</strong></span> <span class='ocrx_word' id='word_1_357' title='bbox 638 4033 734 4081; x_wconf 80' lang='lat' dir='ltr'><strong>derivari</strong></span> <span class='ocrx_word' id='word_1_358' title='bbox 758 4050 861 4092; x_wconf 70' lang='lat' dir='ltr'><strong>suerro,</strong></span> <span class='ocrx_word' id='word_1_359' title='bbox 894 4050 947 4083; x_wconf 83' lang='lat' dir='ltr'><strong>men</strong></span> <span class='ocrx_word' id='word_1_360' title='bbox 970 4034 1069 4096; x_wconf 86' lang='lat' dir='ltr'><strong>videtur,</strong></span> <span class='ocrx_word' id='word_1_361' title='bbox 1089 4033 1126 4082; x_wconf 83' lang='lat' dir='ltr'><strong>val</strong></span> <span class='ocrx_word' id='word_1_362' title='bbox 1154 4037 1245 4099; x_wconf 79' lang='lat' dir='ltr'><strong>utrique</strong></span> <span class='ocrx_word' id='word_1_363' title='bbox 1278 4039 1401 4087; x_wconf 78' lang='lat' dir='ltr'><strong>detraben-</strong></span> 
     </span>
     <span class='ocr_line' id='line_1_44' title="bbox 356 4094 1428 4157; baseline 0.016 -18"><span class='ocrx_word' id='word_1_364' title='bbox 356 4109 423 4155; x_wconf 80' lang='lat' dir='ltr'><strong>quam</strong></span> <span class='ocrx_word' id='word_1_365' title='bbox 446 4094 528 4141; x_wconf 74' lang='lat' dir='ltr'><strong>Pectus</strong></span> <span class='ocrx_word' id='word_1_366' title='bbox 543 4096 608 4145; x_wconf 82' lang='lat' dir='ltr'><strong>docet</strong></span> <span class='ocrx_word' id='word_1_367' title='bbox 628 4114 679 4146; x_wconf 79' lang='lat' dir='ltr'><strong>essa</strong></span> <span class='ocrx_word' id='word_1_368' title='bbox 697 4111 737 4147; x_wconf 77' lang='lat' dir='ltr'><strong>eut</strong></span> <span class='ocrx_word' id='word_1_369' title='bbox 754 4100 876 4157; x_wconf 71' lang='lat' dir='ltr'><strong>securim„</strong></span> <span class='ocrx_word' id='word_1_370' title='bbox 893 4100 957 4149; x_wconf 85' lang='lat' dir='ltr'><strong>dum.</strong></span> <span class='ocrx_word' id='word_1_371' title='bbox 1425 4136 1428 4141; x_wconf 92' lang='lat'>·</span> 
     </span>
     <span class='ocr_line' id='line_1_45' title="bbox 354 4158 1399 4232; baseline 0.012 -28"><span class='ocrx_word' id='word_1_372' title='bbox 354 4170 395 4205; x_wconf 81' lang='lat' dir='ltr'><strong>act</strong></span> <span class='ocrx_word' id='word_1_373' title='bbox 414 4158 527 4206; x_wconf 76' lang='lat' dir='ltr'><strong>dolabram</strong></span> <span class='ocrx_word' id='word_1_374' title='bbox 545 4162 704 4225; x_wconf 75' lang='lat' dir='ltr'><strong>pontificalem,</strong></span> <span class='ocrx_word' id='word_1_375' title='bbox 721 4165 754 4211; x_wconf 78' lang='lat' dir='ltr'><strong>ita</strong></span> <span class='ocrx_word' id='word_1_376' title='bbox 770 4177 797 4212; x_wconf 89' lang='lat' dir='ltr'><strong>ut</strong></span> <span class='ocrx_word' id='word_1_377' title='bbox 816 4180 861 4213; x_wconf 79' lang='lat' dir='ltr'><strong>sei-</strong></span> <span class='ocrx_word' id='word_1_378' title='bbox 925 4162 947 4198; x_wconf 75' lang='lat'><strong>⁶⁴</strong></span> <span class='ocrx_word' id='word_1_379' title='bbox 960 4164 991 4212; x_wconf 77' lang='lat' dir='ltr'><strong>Et</strong></span> <span class='ocrx_word' id='word_1_380' title='bbox 1014 4165 1040 4214; x_wconf 90' lang='lat' dir='ltr'><strong>T.</strong></span> <span class='ocrx_word' id='word_1_381' title='bbox 1063 4164 1190 4230; x_wconf 79' lang='lat' dir='ltr'><strong>AEivrtium]</strong></span> <span class='ocrx_word' id='word_1_382' title='bbox 1226 4166 1300 4217; x_wconf 80' lang='lat' dir='ltr'><strong>Recte</strong></span> <span class='ocrx_word' id='word_1_383' title='bbox 1326 4170 1399 4232; x_wconf 80' lang='lat' dir='ltr'><strong>anapi-</strong></span> 
     </span>
     <span class='ocr_line' id='line_1_46' title="bbox 354 4224 1399 4295; baseline 0.011 -24"><span class='ocrx_word' id='word_1_384' title='bbox 354 4224 487 4271; x_wconf 71' lang='lat' dir='ltr'><strong>oenndrboc</strong></span> <span class='ocrx_word' id='word_1_385' title='bbox 497 4226 618 4282; x_wconf 72' lang='lat' dir='ltr'><strong>diarmait,</strong></span> <span class='ocrx_word' id='word_1_386' title='bbox 634 4227 673 4276; x_wconf 81' lang='lat' dir='ltr'><strong>bos</strong></span> <span class='ocrx_word' id='word_1_387' title='bbox 690 4244 720 4277; x_wconf 79' lang='lat' dir='ltr'><strong>eo</strong></span> <span class='ocrx_word' id='word_1_388' title='bbox 736 4229 804 4277; x_wconf 85' lang='lat' dir='ltr'><strong>cultri</strong></span> <span class='ocrx_word' id='word_1_389' title='bbox 820 4246 861 4292; x_wconf 78' lang='lat' dir='ltr'><strong>ge·</strong></span> <span class='ocrx_word' id='word_1_390' title='bbox 895 4242 960 4281; x_wconf 79' lang='lat' dir='ltr'><strong>catur</strong></span> <span class='ocrx_word' id='word_1_391' title='bbox 971 4230 1100 4279; x_wconf 80' lang='lat' dir='ltr'><strong>Gronovius</strong></span> <span class='ocrx_word' id='word_1_392' title='bbox 1118 4247 1161 4295; x_wconf 91' lang='lat' dir='ltr'><strong>pro</strong></span> <span class='ocrx_word' id='word_1_393' title='bbox 1172 4242 1193 4279; x_wconf 82' lang='lat' dir='ltr'><strong>ct</strong></span> <span class='ocrx_word' id='word_1_394' title='bbox 1209 4232 1332 4293; x_wconf 67' lang='lat' dir='ltr'><strong>legendum</strong></span> <span class='ocrx_word' id='word_1_395' title='bbox 1350 4249 1399 4283; x_wconf 78' lang='lat' dir='ltr'><strong>esse</strong></span> 
     </span>
     <span class='ocr_line' id='line_1_47' title="bbox 354 4290 920 4354; baseline 0.016 -17"><span class='ocrx_word' id='word_1_396' title='bbox 354 4302 411 4337; x_wconf 81' lang='lat' dir='ltr'><strong>nere</strong></span> <span class='ocrx_word' id='word_1_397' title='bbox 433 4290 578 4337; x_wconf 79' lang='lat' dir='ltr'><strong>immolatus:</strong></span> <span class='ocrx_word' id='word_1_398' title='bbox 600 4292 635 4339; x_wconf 82' lang='lat' dir='ltr'><strong>vel</strong></span> <span class='ocrx_word' id='word_1_399' title='bbox 660 4294 783 4354; x_wconf 78' lang='lat' dir='ltr'><strong>legendum</strong></span> <span class='ocrx_word' id='word_1_400' title='bbox 810 4310 860 4345; x_wconf 78' lang='lat' dir='ltr'><strong>esre</strong></span> <span class='ocrx_word' id='word_1_401' title='bbox 892 4299 920 4346; x_wconf 82' lang='lat' dir='ltr'><strong>ei.</strong></span> 
     </span>
     <span class='ocr_line' id='line_1_48' title="bbox 354 4356 1401 4490; baseline 0.012 -27"><span class='ocrx_word' id='word_1_402' title='bbox 354 4356 795 4485; x_wconf 48' lang='lat' dir='ltr'><strong>mggd‘elcllrldddtlblldldlssl’triaonim</strong></span> <span class='ocrx_word' id='word_1_403' title='bbox 817 4424 862 4488; x_wconf 75' lang='lat' dir='ltr'><strong>legi</strong></span> <span class='ocrx_word' id='word_1_404' title='bbox 893 4358 1162 4490; x_wconf 42' lang='lat' dir='ltr'><strong>&#39;dssodqqq&#39;uerpvcvqjjm</strong></span> <span class='ocrx_word' id='word_1_405' title='bbox 1184 4360 1401 4475; x_wconf 54' lang='lat' dir='ltr'><strong>bvaedlullliudllldln</strong></span> 
     </span>
     <span class='ocr_line' id='line_1_49' title="bbox 353 4482 1399 4558; baseline 0.01 -29"><span class='ocrx_word' id='word_1_406' title='bbox 353 4484 420 4549; x_wconf 82' lang='lat' dir='ltr'><strong>jubet</strong></span> <span class='ocrx_word' id='word_1_407' title='bbox 445 4482 570 4548; x_wconf 69' lang='lat' dir='ltr'><strong>dffluaisoe.</strong></span> <span class='ocrx_word' id='word_1_408' title='bbox 603 4484 707 4550; x_wconf 55' lang='lat' dir='ltr'><strong>Delirare</strong></span> <span class='ocrx_word' id='word_1_409' title='bbox 738 4492 801 4542; x_wconf 74' lang='lat' dir='ltr'><strong>anim</strong></span> <span class='ocrx_word' id='word_1_410' title='bbox 827 4506 862 4543; x_wconf 80' lang='lat' dir='ltr'><strong>est</strong></span> <span class='ocrx_word' id='word_1_411' title='bbox 894 4504 953 4543; x_wconf 78' lang='lat' dir='ltr'><strong>tasse</strong></span> <span class='ocrx_word' id='word_1_412' title='bbox 969 4490 1102 4558; x_wconf 78' lang='lat' dir='ltr'><strong>exemplum</strong></span> <span class='ocrx_word' id='word_1_413' title='bbox 1128 4500 1210 4543; x_wconf 76' lang='lat' dir='ltr'><strong>exstet.</strong></span> <span class='ocrx_word' id='word_1_414' title='bbox 1244 4492 1279 4542; x_wconf 81' lang='lat' dir='ltr'><strong>Ac</strong></span> <span class='ocrx_word' id='word_1_415' title='bbox 1301 4492 1399 4543; x_wconf 78' lang='lat' dir='ltr'><strong>dubitari</strong></span> 
     </span>
    </p>
   </div>
   <div class='ocr_carea' id='block_1_6' title="bbox 0 0 1596 5225">
    <p class='ocr_par' dir='ltr' id='par_1_9' title="bbox 0 0 1596 5225">
     <span class='ocr_line' id='line_1_50' title="bbox 0 0 1596 5225; baseline 0 4"><span class='ocrx_word' id='word_1_416' title='bbox 0 0 1596 5225; x_wconf 95' lang='lat' dir='ltr'><strong> </strong></span> 
     </span>
    </p>
   </div>
  </div>
 </body>
</html>
