3184 5225
504 364 581 423 nra.
594 363 692 423 xnn.
714 364 796 428 cnr.
809 320 861 423 x.
1165 377 1206 431 rs

153 521 264 585 Junius
280 519 412 598 Pennus,
435 516 489 603 Sp.
506 517 676 599 Lucretius,
699 517 754 603 Sp.
773 518 907 600 Cluvius,
929 518 988 584 Cn.
1007 518 1151 601 Sicinius,
1167 521 1204 587 C.
1217 531 1290 582 uc.
1304 533 1364 582 579.
1379 520 1394 545 ⁶

154 606 325 671 Memmius
341 606 462 669 iterum.
846 610 850 619 “
1216 596 1251 647 A·
1262 596 1292 649 ⁰·
1305 596 1334 644 ¹⁷
1334 596 1373 679 ³⁸,

199 692 244 756 X.
265 692 313 755 Eo
328 714 409 770 anno
422 693 549 757 lustrum
566 695 723 757 conditum
735 707 792 758 est.
822 692 972 757 Censores
988 708 1075 757 erant
1085 696 1123 766 Q.
1132 694 1205 759 Ful-

155 782 227 843 vius
242 778 377 857 Flaccus,
392 778 482 841 ”Ae
499 778 670 843 Postumius
684 780 824 843 Albinus.
869 778 1042 843 Postumius
1055 782 1205 847 condidit.

156 865 263 929 Censa
277 878 348 928 sunt
363 866 475 927 civium
484 864 691 928 Romanorum
708 867 813 949 capita
826 866 960 929 ducenta
974 869 1134 949 sexaginta
1148 890 1205 931 no-

156 974 227 1015 vem
249 952 346 1013 millia
370 963 403 1014 et
426 952 611 1032 quindecim.
664 950 769 1013 Minor
784 953 943 1032 aliquanto
958 974 1113 1031 numerus,
1136 955 1207 1035 qnia

155 1036 195 1101 L.
211 1037 383 1101 Postumius
404 1037 509 1101 consul
531 1059 587 1120 pro
610 1037 758 1105 concione
781 1038 929 1115 edixerat,
945 1039 996 1118 qui
1011 1040 1129 1101 socium
1144 1039 1207 1101 La-

158 1122 216 1187 rini
232 1125 367 1186 nominis
388 1145 426 1187 ex
445 1124 547 1185 edicto
570 1122 606 1184 C.
623 1122 742 1183 Claudii
759 1123 891 1184 consulis
906 1123 1005 1185 redire
1021 1126 1053 1185 in
1069 1126 1207 1189 civitates

158 1230 228 1271 suas
253 1210 440 1285 debuissent,
460 1230 498 1270 ne
522 1210 588 1287 quis
609 1229 713 1269 eorum
729 1206 847 1285 Romae,
870 1208 924 1269 sed
946 1229 1053 1269 ornnes
1083 1210 1117 1269 in
1145 1213 1209 1272 suis

158 1296 335 1357 ciuitatibus
351 1306 556 1355 censerentur.
595 1291 731 1355 Consors
745 1304 777 1354 et
793 1316 810 1354 e
826 1293 980 1375 republica
993 1314 1122 1355 censura
1135 1294 1207 1359 fuit.

158 1402 277 1459 omnes,
293 1402 369 1463 quos
393 1391 500 1442 senatu
521 1394 692 1457 moverunt,
708 1379 877 1460 quibusque
899 1400 994 1460 equos
1015 1380 1206 1459 ademerunt,

158 1468 280 1531 marios
296 1466 443 1545 fecerunt,
466 1476 498 1528 et
520 1466 599 1527 tribu
623 1474 800 1527 moverunt:
830 1469 855 1503 ³¹
868 1486 966 1544 neque
981 1467 1020 1527 ab
1035 1466 1133 1527 altero
1148 1487 1206 1529 no·

162 1564 262 1617 tatum
295 1553 371 1615 alter
396 1552 545 1634 probavit.
603 1550 723 1613 Fulvius
752 1552 848 1613 aedern
874 1549 1014 1613 Fortuna
1038 1550 1206 1633 Fquestris,

160 1660 253 1721 quam
279 1639 443 1721 proconsul
471 1639 503 1699 in
529 1635 691 1719 Hispania,
719 1637 867 1699 dimicans
892 1658 963 1699 curn
984 1637 1205 1702 Celtiberorum

158 1726 341 1807 legionibus,
355 1736 486 1803 voverat,
502 1745 597 1785 anrros
616 1745 670 1785 sex
688 1736 768 1806 post,
784 1745 877 1804 quam
891 1735 1022 1800 voverat,
1037 1724 1207 1787 dedicavitr

160 1826 193 1875 et
213 1812 352 1891 scenicos
367 1811 454 1872 ludos
471 1832 525 1893 per
540 1810 744 1891 quatriduum,
762 1831 853 1871 unum
877 1810 958 1871 diem
979 1810 1010 1872 in
1025 1811 1107 1872 circo
1122 1810 1207 1872 fecit.

158 1894 198 1961 L.
213 1896 373 1959 Cornelius
388 1895 543 1974 Lentulus,
559 1897 712 1958 decemvir
727 1917 892 1973 sacrorum,
908 1916 945 1957 eo
966 1916 1047 1958 anno
1069 1908 1206 1959 mortuus

158 1995 214 2047 cst.
236 1984 386 2047 inlocum
405 1982 468 2065 ejus
490 1982 645 2045 subfectus
660 1982 699 2043 A.
716 1981 887 2045 Postumius
902 1982 1041 2045 Albinus.
1091 1981 1206 2045 locus-

157 2082 259 2133 tarum
275 2081 368 2133 tantae
388 2071 483 2131 nubes
506 2090 524 2129 a
546 2069 622 2131 mari
636 2081 728 2130 vento
744 2080 869 2151 repente
892 2069 923 2129 in
938 2068 1082 2150 Apuliam
1105 2070 1208 2132 inlatae
1219 2080 1325 2129 musta
1338 2082 1363 2130 tn

158 2170 241 2235 sunt,
257 2169 292 2217 ut
307 2157 496 2219 examinibus
516 2156 578 2217 suis
599 2176 687 2235 agros
711 2156 772 2217 late
796 2157 958 2237 operirent.
974 2156 1120 2235 adquam
1136 2176 1207 2236 pes-
1219 2145 1311 2211 Ab&
1374 2158 1379 2168 “

158 2254 224 2305 rem
254 2243 375 2325 frugum
408 2242 576 2304 tollendam
602 2244 628 2280 ³²
641 2239 698 2303 Cn.
722 2240 853 2304 Sicinius
880 2251 991 2322 praetor
1018 2240 1207 2321 designatus,

157 2349 232 2393 curn
254 2328 382 2410 imperio
402 2329 433 2389 in
453 2326 597 2410 Apuliam
620 2328 739 2405 missus,
759 2327 876 2409 ingenti
901 2327 1023 2405 agmine
1047 2326 1206 2388 hominnm

159 2414 203 2476 ad
230 2414 415 2495 colligendas
441 2435 490 2475 eas
514 2425 635 2490 coact0,
661 2414 850 2495 aliquantum
875 2412 1020 2494 temporis
1048 2414 1206 2477 absumsit.

159 2498 351 2581 Principium
375 2500 555 2581 insequentis
582 2500 665 2577 anni,
693 2522 753 2580 quo
779 2498 816 2559 C.
832 2497 977 2579 Popillius
1001 2510 1033 2559 et
1056 2496 1089 2559 P.
1103 2497 1206 2561 AElius
1219 2508 1251 2558 U.
1262 2510 1291 2558 e.
1303 2514 1360 2561 5⁸⁰.

156 2585 285 2648 fuerunt
306 2586 453 2662 consules,
475 2586 610 2649 residuas
632 2586 845 2649 contentiones
867 2606 907 2646 ex
929 2585 1028 2667 priore
1051 2605 1131 2647 anno
1148 2575 1249 2648 rra-¹⁴·
1262 2575 1357 2652 ⁰·¹⁷.²·

156 2673 232 2734 buit.
288 2669 392 2732 Patres
416 2671 519 2732 referri
545 2673 583 2732 de
597 2670 768 2752 Liguribus,
785 2672 980 2752 renovarique
1005 2683 1204 2734 senatuscon-
1218 2639 1366 2753 gjpffillffi’

155 2759 269 2820 sultum
285 2757 438 2834 volebant,
450 2773 483 2818 ct
497 2757 603 2820 consul
613 2755 714 2819 AElius
729 2757 888 2820 referebat.
933 2755 1078 2839 Popillius
1094 2771 1126 2821 et
1140 2760 1205 2821 col·
1218 2768 1283 2816 cns.

155 2845 258 2926 legam
274 2854 307 2905 et
321 2855 461 2906 senatum
477 2864 532 2924 pro
547 2844 638 2904 fratre
654 2843 890 2927 deprecabatur3
916 2863 976 2923 prae
998 2866 1030 2904 se
1053 2844 1164 2923 ferens,
1179 2846 1205 2906 si
1219 2835 1358 2911 ⁰⁰⁰¹⁶⁰¹l⁰·

158 2931 226 3012 qui¹
243 2931 451 3006 decernerent,
466 2930 708 3007 intercessurum,
724 2930 873 3011 collegam
889 2929 1045 2992 deterruit.
1090 2929 1205 3011 Patres,
1218 2900 1348 3028 {aab

157 3038 195 3080 eo
216 3017 315 3098 magis
335 3016 457 3097 utrique
472 3017 583 3097 pariter
606 3016 762 3078 consulum
786 3015 907 3093 infensi,
922 3016 953 3077 in
969 3028 1071 3097 coepto
1088 3031 1208 3099 persta·

155 3103 244 3166 bant.
299 3101 419 3184 ltaque,
442 3122 534 3182 quum
559 3102 595 3163 de
614 3103 775 3184 provinciis
796 3116 947 3184 ageretur,
963 3116 995 3165 et
1008 3101 1208 3184 Macedonia,

155 3188 223 3270 jam
242 3190 410 3250 inminente
426 3186 526 3249 Persei
542 3188 632 3266 bello,
647 3201 812 3270 peteretur,
827 3187 952 3271 Ligures
966 3190 1115 3250 ambobus
1131 3213 1208 3253 con·

159 3274 276 3335 sulibus
291 3275 497 3336 decernuntur.
542 3273 760 3337 Macedoniam
784 3276 958 3337 decreturos
978 3283 1104 3355 negant,
1118 3277 1151 3337 ni
1167 3277 1208 3338 de

161 3358 211 3421 M.
227 3359 355 3442 Popillio
373 3361 542 3422 referretur.
595 3359 822 3423 Postulantibus
837 3361 959 3437 deinde,
978 3372 1014 3421 ut
1033 3381 1129 3422 novos
1151 3381 1206 3424 ex·
1245 3413 1253 3421 .

159 3446 273 3508 ercitus
296 3447 435 3525 scribere,
454 3459 507 3508 arrt
527 3448 770 3530 supplementum
785 3447 935 3508 veteribus
954 3445 1072 3524 liceret,
1086 3459 1207 3510 utrum·

158 3551 217 3613 que
232 3545 378 3614 negatum
395 3545 449 3595 est.
493 3531 670 3596 Praetoribus
687 3553 807 3614 quoque
829 3533 861 3593 in
877 3530 1058 3614 Hispaniam
1081 3535 1206 3616 supple-

155 3632 295 3681 mentum
319 3619 493 3701 petentibus
520 3633 680 3704 negatum:
711 3618 870 3681 Minnio
892 3619 924 3679 in
949 3620 1132 3698 citeriorem,
1152 3619 1206 3704 Sp.

157 3701 303 3766 Lucretio
317 3707 349 3767 in
365 3707 550 3768 ulteriorem.
606 3705 642 3767 C.
658 3704 792 3768 Licinius
808 3704 934 3766 Crassus
956 3706 1102 3764 urbanam
1114 3705 1208 3786 juris·

159 3790 340 3871 dictionem,
368 3791 426 3854 Cn.
451 3789 581 3854 Sicinius
610 3794 690 3856 inter
716 3793 892 3874 peregrinos
920 3802 986 3853 erat
1011 3791 1147 3867 sortitus,
1172 3790 1210 3854 C.

395 3983 448 4038 ¹'A
460 3989 476 4039 l.
487 3989 515 4040 L.
529 3990 602 4040 Gran.
735 3988 886 4053 'quidemn
899 3989 969 4038 Crcr.

190 4157 255 4204 ”A
272 4155 408 4224 Prsrrtmiur]
429 4161 552 4209 Hactenus
568 4159 598 4208 L.
614 4158 667 4207 Por-
700 4159 770 4222 broit]
799 4159 908 4219 Sigonius
924 4156 1022 4206 insaniit
1041 4171 1121 4206 rocem
1142 4158 1210 4219 ulter,

159 4223 249 4269 turtius.
281 4222 529 4276 Debuerantcditorer
539 4225 668 4290 parereSi·
701 4225 959 4286 quuneccsrariaerrr.

157 4287 226 4346 garrio
241 4301 374 4349 prmomeu
392 4289 463 4354 hujus
481 4295 581 4340 censoris
599 4291 669 4337 aorri·
733 4289 810 4337 ”Cra
825 4285 934 4348 Sicinius]
958 4287 1020 4336 Ediri
1035 4287 1121 4336 habent
1134 4287 1209 4336 αδί-

159 4353 222 4410 mit
233 4367 261 4398 aa
274 4351 351 4412 Livio,
366 4355 384 4405 l.
400 4367 456 4406 ιιι.
471 4373 493 4404 c.
509 4357 549 4405 27.
561 4367 585 4403 et
596 4355 669 4404 Fastis
701 4355 779 4402 einim
822 4352 869 4400 Sed
888 4369 958 4416 quoru
977 4365 1003 4401 ct
1023 4352 1209 4416 mpncrinfra

160 4413 302 4478 Capitolinis.
702 4429 796 4466 vocetur
820 4417 862 4464 Cn.
884 4433 1016 4483 momen
1037 4419 1141 4467 eirnrm
1162 4417 1210 4466 boa
1282 4477 1286 4483 J

193 4481 214 4514 ³¹
227 4478 304 4545 lisque
318 4483 347 4532 ab
361 4485 430 4536 altero
445 4495 544 4536 notatum
555 4487 610 4536 ulter
619 4503 669 4548 prn-
702 4497 793 4547 quoquc
805 4483 856 4533 loto
865 4484 1014 4534 restituimus.
1045 4533 1050 4540 ,
