3184 5225
388 324 447 387 20ss
812 319 1017 383 mutuvu

221 508 363 565 unffi
390 476 704 559 ‘confirmareturque
719 476 885 539 auctoritas
900 498 1017 556 comm,
1040 478 1067 523 ⁵⁷
1079 472 1130 558 qui
1150 476 1226 539 nihil
1249 486 1358 560 praeter
1377 476 1438 541 im·
1494 488 1497 494 '

220 578 253 631 Δ.
266 578 295 625 c.
309 576 363 631 161.
390 563 531 649 ‘perium
545 561 753 625 Romanorum
769 562 965 645 spectarent'
1008 562 1059 624 Ab
1080 563 1128 624 his
1147 563 1239 625 editis
1253 564 1437 642 nominibus,

223 643 357 717 laquiricio.
390 651 507 713 evocati
536 651 563 689 ⁸⁸
573 648 668 711 literis
694 649 885 732 imperatoris
910 671 950 711 ex
974 646 1102 727 AEtolia,
1132 649 1378 733 Acamaniaqne,
1405 664 1438 715 et

222 720 372 833 232¹,ssssOE
387 735 495 818 Epiro,
510 748 543 797 et
557 734 690 813 Boeotia,
713 736 763 817 qui
781 734 912 797 Romam
926 736 966 797 ad
981 757 1119 797 caussam
1143 735 1306 799 dicendam
1329 757 1437 821 seque·

222 836 317 890 Peneo.
391 834 515 883 uenture
549 822 580 881 in
602 820 753 883 Achaiam
778 843 818 884 cx
844 823 948 884 decem
973 823 1141 904 legatorum
1165 843 1291 885 numero
1305 821 1437 905 profecti

390 909 461 985 duo,
478 907 513 968 C.
525 906 669 969 Claudius
684 921 716 971 et
732 909 789 971 Cn.
811 906 976 987 Domitius,
998 922 1033 971 ut
1056 909 1114 992 ipsi
1140 909 1242 971 edicto
1264 920 1437 971 evocarent.

382 992 426 1060 .Id
443 994 559 1057 duabus
575 994 612 1055 de
628 996 740 1056 caussis
756 995 891 1057 factum:
915 1016 986 1074 una,
1002 997 1082 1076 quod
1096 995 1214 1075 fiduciae
1227 996 1296 1077 plus
1316 997 1436 1057 animo·

385 1074 514 1162 'rumque
530 1101 596 1143 esse
610 1080 729 1143 Achaeis
746 1082 785 1143 ad
800 1102 863 1143 nou
882 1082 1049 1164 parendum
1069 1082 1243 1159 credebant,
1264 1094 1296 1144 et
1309 1081 1435 1144 forsitan

390 1168 483 1229 etiam
498 1168 531 1229 in
545 1167 679 1251 periculo
695 1167 759 1230 fore
775 1166 972 1247 Callicratem,
984 1180 1017 1231 et
1038 1181 1155 1230 ceteros
1176 1168 1334 1231 criminum
1358 1188 1433 1229 auc·

389 1265 471 1317 tores
487 1252 716 1335 delatoresque:
750 1256 857 1333 altera,
879 1276 933 1316 cur
957 1265 1118 1338 praesentes
1134 1265 1306 1332 evocarent,
1326 1275 1436 1315 caussa

389 1353 467 1418 erat,
482 1340 565 1422 quod
579 1361 618 1401 ex
633 1340 699 1413 aliis
713 1341 854 1422 gentibus
869 1342 1040 1424 principum
1056 1338 1158 1403 literas
1177 1341 1381 1424 deprehensas
1403 1340 1436 1402 in

388 1426 617 1489 commentariis
634 1427 736 1508 regiis
761 1426 938 1490 habebant:
967 1430 999 1490 in
1017 1427 1138 1489 Achaeis
1156 1450 1279 1503 ‚caecum
1294 1438 1361 1489 erat
1375 1426 1436 1488 cri·

388 1532 471 1590 men,
494 1513 584 1574 nullis
599 1534 703 1575 eorum
718 1514 814 1593 literis
829 1514 969 1577 inventis.
1013 1512 1128 1577 AEtolis
1145 1515 1287 1592 dimissis,
1297 1513 1437 1575 Acarna·

389 1619 461 1661 num
477 1598 572 1662 citata
585 1620 682 1681 gens:
706 1600 739 1662 in
754 1600 801 1662 his
815 1601 892 1662 nihil
906 1612 1062 1679 novatum,
1078 1601 1135 1663 nisi
1148 1601 1238 1681 ‘quod
1249 1599 1365 1662 leucas
1381 1620 1435 1661 ex·

389 1697 473 1748 emta
488 1699 535 1749 est
549 1684 744 1750 Acarnanum
759 1686 901 1750 concilio.
946 1687 1115 1758 Quaerendo
1130 1687 1241 1749 deinde
1255 1686 1360 1764 latius,
1384 1685 1434 1767 qui

381 1772 509 1855 ¹publice
526 1785 579 1835 aut
594 1774 733 1853 privatim
749 1774 882 1855 partium
897 1774 977 1856 regis
993 1774 1129 1851 luissent,
1145 1775 1176 1834 in
1192 1772 1297 1835 Asiam
1314 1792 1436 1853 qusque

388 1859 595 1941 cognitionem
611 1860 795 1921 extendere:
819 1872 852 1922 ct
867 1859 907 1922 ad
920 1861 1066 1923 Antissan
1088 1861 1119 1923 in
1141 1858 1240 1923 lesbo
1264 1858 1363 1920 insula
1385 1858 1435 1919 di-

380 1945 544 2023 ruendam,
578 1946 780 2009 traducendos
809 1944 1025 2031 Methpmnam
1053 1945 1231 2025 Antissaeos,
1258 1944 1435 2028 labeonem

376 2030 535 2095 ,miserunt
544 2054 554 2109 3
578 2033 659 2112 quod
675 2031 874 2111 Antenorem,
889 2035 1004 2115 regium
1020 2034 1281 2115 praefectumque
1296 2044 1436 2113 tempore

387 2136 456 2179 cum
472 2118 580 2180 lembis
595 2119 676 2181 circa
691 2117 824 2181 Lesbum
837 2131 883 2181 est
898 2131 1036 2201 vagatus,
1058 2131 1149 2202 portu
1169 2111 1324 2202 receptum
1347 2138 1434 2180 com·

383 2204 537 2267 meatibus
548 2201 708 2285 juvissent.
752 2204 824 2267 Duo
838 2205 936 2267 securi
959 2207 1093 2289 percussi
1107 2207 1167 2273 viri
1191 2206 1342 2287 irrsignm3
1364 2202 1433 2266 An·

387 2288 528 2353 dronicus
542 2290 709 2353 Andronici
726 2291 803 2353 lilius
815 2289 949 2371 AEtolus‚
962 2292 1055 2373 quod,
1067 2304 1185 2375 patrem
1201 2304 1334 2368 secutus,
1348 2310 1435 2351 arma

387 2387 494 2437 contra
508 2377 654 2458 populum
670 2377 845 2440 Romanum
860 2379 996 2441 tulisset:
1021 2392 1052 2442 et
1064 2377 1133 2442 Neo
1144 2378 1322 2457 Thebanus,
1332 2379 1359 2417 ⁵⁹
1372 2397 1434 2459 quo

377 2472 509 2528 ,auctore
524 2464 703 2525 societatem
720 2486 789 2525 cum
806 2464 914 2526 Perseo
924 2464 1102 2547 junxerant.

314 2586 316 2589 -
375 2600 378 2607 .
429 2544 564 2609 XXXII.
587 2544 646 2609 llis
662 2570 761 2612 rerum
777 2562 970 2614 externamm
989 2552 1213 2634 cognitionibus
1237 2547 1436 2634 interpositis,

385 2629 592 2696 Macedonum
624 2657 724 2697 mrsus
753 2637 933 2700 advocatum
963 2638 1151 2701 conciliumr
1187 2638 1435 2720 pronunciatum,

386 2720 413 2757 ⁶⁰
430 2719 440 2750 ‘
455 2717 546 2788 Quod
562 2720 601 2782 ad
616 2733 730 2784 statum
746 2719 938 2786 Macedonia
963 2725 1146 2807 pertinebat,
1167 2735 1332 2801 senatores,
1355 2744 1433 2805 quos

386 2801 566 2888 ‘Syhedros
581 2823 703 2886 vocant,
723 2808 870 2890 legendos
885 2831 961 2888 esse,
976 2832 1103 2892 quorum
1118 2809 1246 2873 consilio
1260 2808 1434 2892 respublica

221 2893 342 2962 Ριίοοῑρω
386 2890 693 2956 ‘administraretur'
738 2893 874 2958 Nomina
899 2896 1009 2959 deiude
1034 2908 1106 2960 sunt
1120 2897 1246 2960 recitata
1257 2895 1433 2979 principum

218 2962 362 3076 ΜΨ
385 2974 605 3056 Macedonum,
629 3000 789 3060 quoscum
806 2981 928 3059 liberis,
950 2980 1114 3064 majoribus
1138 3003 1227 3065 quam
1252 2980 1431 3063 quindecim

219 3089 323 3154 utinm,
372 3083 482 3136 ‚annos
497 3065 588 3143 tratis,
610 3067 778 3148 praecedere
794 3068 826 3130 in
842 3065 962 3130 ltaliam
977 3070 1122 3151 placeret.
1153 3068 1199 3149 ld,
1213 3069 1313 3154 prima
1326 3064 1433 3149 specie

371 3170 504 3237 laevum,
520 3173 593 3229 mox
608 3151 749 3236 adpamit
767 3155 954 3221 multitudini
978 3154 1185 3220 Macedonum
1209 3176 1265 3238 pro
1289 3154 1435 3216 libertate

372 3257 440 3308 ‚sua
454 3258 520 3298 esse
535 3237 661 3302 lactum.
676 3241 826 3304 nominati
840 3255 913 3305 sunt
927 3242 1010 3304 enim
1036 3243 1116 3324 regis
1141 3242 1232 3307 amici
1257 3239 1432 3324 purpurati·

370 3343 453 3404 .que,
476 3323 568 3386 duces
594 3327 791 3406 exercituum,
814 3327 949 3411 praelecti
976 3329 1096 3392 navium
1122 3340 1176 3392 aut
1201 3327 1433 3412 praesidiorum

382 3409 493 3470 servire
509 3411 571 3491 regi
587 3412 753 3493 humiliter,
774 3412 842 3476 aliis
862 3415 992 3498 superbe
1014 3416 1163 3499 imperare
1188 3413 1331 3478 adsueti·
1354 3433 1432 3495 pne·

372 3494 493 3564 ‚divites
518 3495 580 3574 alii,
602 3497 665 3577 alii,
687 3519 762 3582 quos
788 3499 911 3562 fortuna
935 3522 999 3564 nnn
1024 3514 1188 3585 aequarent,
1210 3500 1259 3562 his
1283 3499 1432 3562 sumtibus

368 3599 492 3662 pares:
525 3579 625 3665 regius
651 3585 793 3648 omnibus
808 3586 914 3666 ,victus
931 3588 1139 3671 vestitusque:
1162 3587 1238 3650 nulli
1253 3586 1350 3649 civilis
1364 3583 1434 3672 ani·

411 3849 434 3890 η
451 3849 498 3905 Qui
507 3851 565 3901 nilsil
581 3860 661 3914 preter
675 3853 789 3915 inparium
809 3851 890 3901 Rom·
955 3853 977 3891 ⁵⁹
994 3851 1141 3908 Quocum
1151 3856 1270 3903 mineum
1283 3870 1335 3904 cun
1357 3852 1435 3904 Peneo

377 3929 457 3964 nomm
464 3915 622 3982 mneos]
636 3916 760 3982 lacerum
767 3917 892 3976 Groncriu,
913 3917 1050 3981 jamma]
1080 3919 1201 3970 aunam?
1225 3919 1318 3968 Excidit
1338 3933 1436 3978 numen,

379 3989 509 4040 Marem.
921 3985 959 4032 vel
971 3983 1147 4045 thebanorum,
1162 3984 1199 4033 vel
1214 3983 1358 4033 amum.
1391 3983 1433 4034 De

411 4043 433 4079 ¹⁸
450 4043 541 4099 Litteris
563 4048 709 4112 inperatoris]
731 4048 782 4097 llas
802 4048 891 4098 litteras
924 4048 1012 4098 Boeotir
1021 4049 1046 4098 in
1057 4049 1187 4100 universum
1197 4049 1376 4112 utacclphmur,
1381 4065 1435 4098 ms·

379 4108 466 4160 inritus
485 4115 548 4163 deda
565 4113 683 4174 AErniliuu,
698 4126 724 4162 nt
743 4114 890 4164 disclmnsex
921 4113 956 4174 gis
974 4113 1067 4164 inclinat
1085 4116 1184 4174 enimus,
1200 4115 1231 4164 ob
1249 4129 1277 4163 ea
1295 4111 1387 4178 qunhs

381 4172 487 4238 Polybio,
499 4179 577 4238 Legat.
588 4180 817 4255 tranferente
827 4179 891 4228 nullo
922 4178 1001 4227 Livius
1018 4193 1086 4243 supra
1104 4180 1199 4230 lxtu.
1220 4180 1335 4244 capp-42.
1353 4179 1433 4228 etl&

914 4245 1434 4370 ,masta

379 4367 449 4418 rebus
480 4369 533 4435 ipris
548 4371 602 4418 attis
622 4374 759 4436 turvillam
780 4377 888 4428 affirmat.
918 4375 956 4424 hrt
984 4373 1179 4437 lageperttmt:
1192 4372 1430 4437 equuembssesuut

379 4434 436 4488 Vrd.
448 4445 586 4488 etnostrum
597 4451 694 4502 rupae.
705 4440 746 4491 28.
918 4455 960 4492 ver
999 4438 1126 4504 tegam
1135 4439 1302 4493 noum.
