3184 5225
567 379 828 444 FRAGMENTA.
1161 385 1220 450 ‘227

504 534 553 586 ΑΙ)
569 535 631 586 LlB.
647 535 717 584 xm.
732 535 803 585 AUT
818 535 889 586 xlv.

214 629 257 694 Ni
281 629 410 716 Pyrrhus
430 629 537 692 urricus
559 629 714 714 pugnandi
729 629 851 709 artifex,
875 629 1033 712 magisque
1055 629 1086 692 in
1100 631 1219 714 proelio,

173 737 266 804 qnam
281 717 374 794 bello,
388 718 498 780 bonus.

204 803 272 853 Sors.
283 801 313 850 sd
321 801 387 864 virg.
398 799 455 850 AErr.
469 815 487 852 r.
498 803 555 851 456.

593 890 642 942 ΑΙ)
657 890 720 942 uu,
736 890 805 941 XVI.

218 983 353 1046 Sicbreus
392 983 490 1046 dictus
519 996 567 1046 est
597 981 761 1046 Sicbsrbas
773 1007 783 1063 3
819 982 912 1046 Belus
953 985 1084 1048 Didonis
1124 997 1222 1070 pater,
1252 1015 1260 1026 ·

174 1069 336 1148 Metbres;
363 1068 518 1152 Carthago
542 1091 562 1132 a
576 1069 743 1146 Cartbada,
769 1084 802 1132 ut
818 1072 931 1134 lectum
947 1083 1014 1134 est:
1042 1073 1123 1154 quod
1139 1075 1222 1136 inve-

175 1159 260 1221 nitur
274 1158 451 1220 iubistoria
464 1157 625 1220 Poenorutn
641 1168 674 1219 et
689 1158 720 1220 in
736 1155 834 1218 lrivio.
1078 1203 1083 1216 .

218 1244 377 1328 Carthago
407 1257 455 1307 est
484 1244 587 1326 lirrgua
616 1243 779 1307 Poenorum
809 1265 889 1308 rrova
919 1243 1036 1322 civitas,
1066 1258 1101 1310 ut
1131 1247 1223 1312 docet

178 1329 293 1396 Livius.

219 1417 316 1482 Bitias
330 1418 435 1480 classis
448 1417 568 1482 Parnicae
590 1419 648 1482 luit
668 1417 839 1501 prefectus,
855 1427 889 1480 ut
903 1416 994 1481 docet
1010 1413 1121 1482 Livius.

256 1501 322 1552 Sem
331 1503 360 1552 sd
370 1501 434 1565 γῆς.
445 1501 502 1550 AEn.
514 1515 532 1552 ι.
540 1505 596 1554 313.
611 1502 667 1553 366.
680 1503 736 1553 731.

574 1618 624 1667 AD
639 1617 703 1668 Llll.
720 1615 816 1668 xvln.

219 1709 377 1794 Serpentis
397 1731 514 1794 quoque
541 1732 561 1772 a
582 1709 656 1772 'lito
672 1709 759 1773 Livio
774 1711 892 1773 curiose
909 1711 1023 1794 pariter
1039 1731 1074 1773 ac
1090 1709 1221 1774 facunde

179 1798 281 1860 relatas
295 1797 351 1860 fist
369 1797 496 1860 mentio.
542 1796 571 1859 ls
586 1799 667 1858 enim
688 1798 742 1875 sit,
764 1799 795 1860 in
818 1796 924 1860 Africa
943 1798 1024 1880 apud
1049 1797 1223 1880 Bagradam

179 1884 405 1947 numentanus
425 1883 643 1966 magnitudinis
663 1905 792 1966 anguem
816 1883 917 1961 luisse,
941 1896 976 1947 ut
1001 1883 1088 1946 Atilii
1115 1883 1224 1964 Reguli

179 1971 347 2037 exereitum
363 1992 418 2033 usu
434 1970 531 2031 amnis
546 1971 721 2053 prohiberet
730 1993 740 2048 ;
756 1971 919 2051 multisque
935 1970 1082 2032 militibus
1107 1971 1224 2052 ingenti

180 2079 233 2120 ore
256 2059 415 2140 correptis,
440 2058 646 2139 compluribus
669 2057 773 2119 caudas
786 2057 990 2118 voluminibus
1014 2056 1105 2133 elisis,
1132 2077 1225 2138 quum

179 2145 310 2208 telorum
321 2142 409 2226 jactu
423 2143 568 2226 perforari
582 2144 733 2224 nequiret,
756 2143 796 2204 ad
814 2143 954 2205 ultimum
969 2143 1144 2204 balistarum
1161 2153 1225 2204 tor-

180 2231 292 2294 mentis
306 2232 440 2312 undique
453 2231 593 2314 petitam,
608 2229 726 2292 silicum
742 2229 856 2291 crebris
871 2239 904 2290 et
918 2229 1098 2310 ponderosis
1118 2229 1224 2290 verbe-

182 2320 264 2381 ribus
285 2319 489 2400 procubuisse,
512 2316 714 2396 omnibusque
740 2328 772 2377 et
796 2315 974 2376 cohortibus
1001 2325 1033 2376 et
1059 2315 1226 2396 legionibus

182 2406 249 2488 ipss
276 2402 460 2486 Cartbagine
483 2403 580 2465 visam
607 2402 829 2464 terribiliorem.
873 2400 975 2482 Atque
1000 2400 1093 2462 etiam
1120 2421 1227 2463 eruore

181 2512 238 2553 suo
252 2491 422 2573 gurgitibus
441 2489 576 2566 imbutis,
592 2489 787 2570 corporisque
797 2486 930 2570 jacentis
945 2487 1089 2569 pestifero
1111 2486 1226 2550 adflatu

178 2578 280 2641 vicina
309 2578 432 2660 regione
465 2576 591 2659 polluta,
622 2572 763 2637 Romana
791 2573 862 2637 inde
893 2573 1076 2637 submovisse
1114 2589 1224 2641 eastre.

178 2664 266 2728 Dicit
280 2664 388 2727 belluas
400 2664 494 2726 etiam
508 2664 626 2725 corium
645 2675 768 2727 centum
792 2662 899 2745 viginti
926 2661 1019 2747 pedes
1043 2662 1168 2745 longum
1194 2664 1225 2727 in

181 2754 289 2816 urbem
304 2752 440 2814 missum.

214 2836 298 2887 vaur.
309 2836 377 2885 Mu.
389 2849 409 2885 r.
420 2836 445 2885 8.
457 2844 505 2885 sat.
519 2837 558 2887 19.

599 2926 647 2975 Au
662 2926 728 2977 Lus.
743 2926 812 2975 xlx.

223 3018 324 3083 Tertii
339 3020 403 3082 ludi
417 3019 566 3081 seculares
582 3018 712 3097 frremnt,
734 3019 861 3081 Antiate
878 3016 1025 3101 Livioque
1041 3020 1227 3099 nrrctoribus,

184 3110 218 3173 P.
229 3106 359 3169 Claudio
373 3104 503 3167 Pulchro
518 3115 550 3167 et
564 3104 600 3168 C.
614 3106 709 3169 lunio
724 3103 811 3166 Pullo
826 3106 1010 3167 consulibus.

215 3192 336 3241 stomin.
347 3192 377 3238 ds
387 3190 433 3239 Dis
445 3188 500 3237 Nat.
513 3205 533 3237 c.
550 3192 587 3237 17.
620 3190 658 3236 Cf.
669 3188 777 3237 Freinslr.
788 3188 869 3252 Suppl.
881 3200 935 3235 xrx.
947 3190 986 3237 31.

228 3258 286 3321 Fet
299 3258 331 3320 in
346 3256 445 3337 Livio,
460 3257 541 3339 quod
557 3278 650 3337 rpuunr
664 3257 789 3339 quidam
816 3254 942 3337 cupidus
964 3256 1034 3317 belli
1061 3260 1185 3337 gerendi
1214 3280 1232 3319 a

182 3345 419 3428 tribunoplebis
434 3356 596 3422 arceretur,
612 3364 651 3404 ne
678 3342 746 3419 iret,
770 3341 869 3425 pullos
889 3337 980 3419 jussit
1004 3342 1125 3405 adferri.
1170 3344 1229 3415 Qui

185 3454 280 3516 quum
297 3432 404 3493 missas
419 3450 481 3491 non
505 3430 630 3491 ederent
652 3428 763 3509 fruges,
786 3426 914 3488 irridens
941 3427 1046 3489 consul
1072 3432 1230 3511 augurium

185 3521 250 3582 sit:
266 3515 327 3579 Vel
342 3518 462 3593 bibant,
475 3527 507 3579 et
522 3538 574 3578 eos
589 3518 620 3578 in
634 3512 770 3576 Tiberim
787 3514 997 3595 prrecipitavit.
1048 3514 1123 3577 lndc
1144 3516 1230 3579 travi-

185 3608 244 3668 bus
257 3606 355 3667 victor
369 3616 520 3665 revertens
536 3603 577 3663 ad
591 3602 727 3664 Africam
742 3601 774 3661 iu
791 3601 865 3661 mari
888 3620 957 3662 cunr
979 3602 1130 3681 omuibus,
1157 3624 1231 3685 quos

185 3692 330 3768 ducebat,
346 3691 512 3751 exstinctus
526 3702 584 3750 est.

219 3777 288 3824 Serv.
306 3776 335 3821 sd
346 3773 409 3833 Virg.
422 3774 479 3819 AEn.
500 3784 537 3820 vt.
558 3773 608 3821 lus.
641 3770 698 3819 Hoc
710 3772 737 3818 sd
749 3770 871 3819 Claudium
885 3770 1008 3819 Pulchrum
1028 3784 1138 3835 spectare,
1155 3773 1193 3819 red
1205 3774 1232 3821 sb

186 3842 237 3889 diis
246 3840 313 3888 aliter
322 3838 419 3894 narmi,
428 3847 506 3883 monet
518 3836 548 3883 ibi
562 3836 640 3883 Burni.
673 3837 711 3885 Cl.
724 3837 799 3901 intpp.
813 3838 879 3885 Suet.
895 3836 948 3883 'lib
966 3840 989 3883 2.
1001 3850 1024 3885 et
1037 3838 1120 3887 Duker
1134 3840 1160 3886 sd
1173 3839 1233 3885 Flor.

185 3912 211 3957 ².
222 3908 246 3954 2.
256 3904 346 3954 usui
356 3902 490 3958 toturnlroe,
500 3902 560 3963 quod
573 3916 601 3949 err
613 3900 677 3947 Liuio
686 3903 758 3950 relect
770 3904 871 3959 Seruius,
891 3915 1023 3964 suspectum
1034 3904 1160 3961 ridebatur,
1173 3914 1232 3951 tanr-

185 3988 257 4036 qaum
267 3986 298 4019 ex
307 3968 397 4017 curuli
409 3968 500 4015 l’ulcbri
512 3968 605 4015 historia
616 3966 703 4024 fictum,
713 3968 748 4016 rel
760 3970 818 4015 mels
829 3969 975 4031 descriptum.

593 4078 642 4126 111)
660 4078 723 4128 1111.
740 4078 832 4128 xttx.

230 4174 280 4237 De
297 4184 474 4257 quartorum
489 4174 629 4236 ludorum
645 4172 823 4235 secularium
840 4194 920 4235 anno
931 4173 1041 4258 triplex
1056 4175 1158 4257 opinio
1174 4188 1231 4237 est.

188 4262 300 4324 Antias
315 4262 410 4337 eninr,
424 4276 457 4321 et
472 4258 579 4333 Varro,
605 4272 637 4321 et
652 4258 754 4320 Livius
770 4259 883 4321 relatos
898 4280 963 4321 esse
978 4261 1174 4343 prodiderunt
1196 4261 1232 4325 L.

189 4348 311 4410 Marcio
337 4345 518 4422 Censorino,
540 4344 587 4408 M.
607 4344 691 4425 (Μ’.)
715 4344 846 4409 Manilio
870 4347 1051 4428 consulibus,
1074 4362 1144 4432 post
1169 4350 1231 4411 llo·

191 4455 275 4497 mam
290 4433 450 4495 conditam
467 4453 549 4493 anuo
563 4452 642 4495 nov.

220 4518 345 4568 &merim
355 4518 386 4565 de
397 4516 445 4563 Die
455 4515 512 4563 Not.
522 4531 543 4564 c.
558 4518 595 4567 17.
626 4516 665 4568 (l.
677 4517 739 4582 Epir.
751 4515 800 4565 Lis.
