3184 5225
490 386 567 447 LIB.
584 384 669 449 XLI.
689 388 772 451 CAl'.
785 389 915 450 xxvn.
996 405 999 409 ·
1181 401 1223 456 29

172 541 246 604 bule
261 560 358 603 rurore
376 558 494 603 veneno
518 553 566 604 est
592 543 747 607 sublatus:
772 547 800 585 ²³
811 545 1014 626 damnumque
1029 566 1066 608 eo
1081 546 1219 628 crimine,
1232 560 1265 611 υ.
1275 558 1387 611 curs:

170 630 201 691 iu
223 628 364 690 exsilium
385 627 470 689 abiit.
518 625 604 689 ldem
627 628 711 692 furor
735 642 766 693 et
789 630 950 693 Cretenses
976 632 1137 696 lacerabat.
1162 635 1218 696 ad·
1231 624 1306 676 Μ·
1320 623 1377 698 {⁷⁴-

171 726 266 776 veutu
291 713 402 775 deiude
428 712 467 783 Q.
492 711 624 775 Minucii
647 715 753 797 legati,
781 718 833 800 qui
861 739 931 790 cum
960 717 1068 781 decem
1093 720 1219 782 navibus
1230 697 1381 805 mm

170 800 283 862 missus
298 798 338 859 ad
352 798 488 861 sedanda
510 820 616 861 corum
638 802 807 863 certamina
822 815 899 882 erat,
921 804 953 864 in
968 825 1053 886 spem
1069 806 1153 887 pacis
1165 828 1215 869 ve-

172 896 292 949 nerant.
322 888 494 947 '‘cetenrm
520 885 650 947 inducias
671 897 704 948 et
730 898 822 949 antea
843 908 898 949 sex
913 890 1062 956 mensium
1077 891 1218 955 bremnt:

172 972 244 1034 inde
258 971 359 1033 multo
373 971 492 1053 gravius
507 971 619 1033 bellum
635 972 773 1042 exarsit„
803 970 890 1056 Lycii
915 995 1036 1055 quoque
1058 997 1112 1058 per
1137 977 1221 1042 idem

172 1070 294 1139 tempus
310 1057 351 1118 ad
371 1056 499 1119 Rhodiis
521 1057 603 1118 bello
625 1058 822 1121 vexabantur.
865 1057 929 1121 Sed
952 1072 1147 1125 externorum
1172 1065 1221 1125 in·

175 1154 221 1205 ter
235 1164 269 1203 se
283 1143 375 1221 bella,
391 1163 452 1224 quo
467 1162 591 1225 queque
602 1143 696 1205 modo
710 1155 806 1225 gesta
818 1156 900 1222 sunt,
914 1147 1052 1227 persequi
1067 1167 1130 1209 non
1145 1170 1221 1230 ope·

173 1250 212 1291 ra
223 1240 271 1292 est
284 1232 312 1269 ³⁵
323 1229 397 1291 satis
409 1248 557 1312 superque
568 1229 668 1291 oneris
682 1230 844 1293 sustinenti
858 1252 907 1293 res
918 1252 937 1293 a
952 1233 1065 1314 populo
1077 1232 1220 1298 Romano

174 1326 276 1396 gestas
290 1315 432 1377 scribere.

216 1398 307 1462 XXV
309 1398 333 1462 l.
356 1400 500 1463 Celtiberi
529 1400 562 1462 in
595 1399 756 1485 Hispania,
789 1404 841 1483 qui
874 1404 956 1466 bello
986 1404 1096 1467 domiti
1118 1425 1150 1467 se
1170 1402 1365 1467 Tioslsitsro·

174 1484 316 1549 Graccho
340 1486 531 1565 dediderant,
555 1487 656 1569 pacati
678 1500 853 1551 manserant
878 1487 928 1552 M.
950 1489 1067 1553 Titinio
1093 1495 1285 1594 praewreffm
1295 1480 1373 1531 rebel·

175 1573 333 1633 obtinente
368 1572 567 1655 provinciam.
604 1573 787 1636 rebellarunt
822 1578 849 1615 ²⁶
866 1578 921 1637 sub
956 1577 1119 1639 adventum
1160 1577 1233 1660 Ap.l
1249 1562 1272 1594 ο·

176 1656 309 1737 Claudii,
346 1659 466 1740 orsique
504 1658 618 1720 bellum
647 1669 718 1722 sunt
750 1661 788 1721 ab
811 1662 971 1743 repentina
992 1664 1222 1745 obpugnatione

174 1754 344 1806 castrorum
370 1743 587 1807 Romanorum.
632 1743 734 1808 Prima
759 1745 812 1808 lux
835 1746 929 1810 ferme
943 1760 1020 1826 erat,
1035 1768 1128 1830 quum
1143 1750 1222 1831 vigi·

174 1829 219 1891 les
234 1829 266 1890 in
280 1830 372 1908 vallo,
398 1830 509 1911 quique
529 1830 560 1891 in
576 1842 732 1912 portarum
752 1833 933 1895 stationibus
948 1844 1045 1911 erant
1068 1856 1160 1917 quum
1175 1836 1221 1897 vi·

174 1916 291 1977 dissent
305 1916 411 1998 procul
424 1917 596 1979 venientem
617 1916 748 1993 hostem,
773 1917 813 1979 ad
837 1939 922 1981 arma
945 1920 1221 1983 conclamaverunt.

173 2000 236 2085 Ap.
262 2000 419 2081 Claudius,
441 2002 529 2083 signo
543 2003 702 2085 proposito
719 2022 839 2087 pugnae,
863 2025 899 2066 sc
922 2008 1027 2088 paucis
1043 2006 1222 2069 adhortatus

173 2088 299 2166 milites,
312 2089 407 2150 tribus
422 2088 511 2149 simul
527 2090 622 2169 portis
637 2088 752 2151 eduxit.
796 2089 1024 2153 Obsistentibus
1044 2093 1083 2154 ad
1105 2094 1223 2168 exitium

175 2172 348 2251 Celtiberis,
361 2174 460 2257 primo
473 2194 529 2257 par
543 2175 726 2255 utrumque‘
750 2176 890 2257 proelium
913 2177 981 2254 luit,
1002 2178 1074 2257 quia
1095 2193 1223 2261 propter

175 2262 333 2342 angustias
346 2280 409 2341 non
425 2278 530 2323 omnes
546 2259 578 2321 in
598 2260 737 2321 faucibus
751 2282 888 2342 pugnare
902 2274 1045 2343 poterent
1067 2260 1221 2324 Romani:

174 2348 201 2392 ²⁷
213 2357 376 2427 urguentes
403 2346 511 2408 deinde
538 2346 589 2407 alii
615 2346 690 2408 alios
712 2348 809 2419 secuti
825 2359 985 2410 evaserunt
1000 2356 1087 2411 extra
1101 2348 1224 2426 vallum,

175 2442 214 2493 ut
228 2431 365 2513 pendere
387 2432 491 2510 aciem,
516 2434 585 2493 ²⁸et
606 2432 755 2513 exaequari
780 2434 922 2495 cornibus
946 2434 1094 2511 hostibus,
1116 2434 1223 2512 quibus

174 2518 426 2597 circumibantur,
451 2528 586 2601 possent.
607 2518 651 2580 ita
678 2528 805 2601 repente
831 2530 1002 2602 eruperunt,
1024 2530 1059 2581 ut
1073 2516 1223 2579 sustinere

175 2602 315 2686 inpetum
331 2625 433 2666 eorum
446 2602 589 2669 Celtiberi
606 2604 775 2688 nequirent.
818 2605 900 2668 Ante
924 2607 1029 2668 horam
1055 2602 1222 2664 secundam

174 2691 252 2773 pulsi
275 2702 365 2753 sunt:
402 2691 442 2753 ad
471 2691 644 2773 quindecim
675 2690 772 2751 millia
802 2711 878 2752 caesa
908 2701 962 2753 aut
994 2698 1103 2772 capte:
1134 2689 1223 2770 signa
1298 2754 1306 2768 ‚

175 2775 298 2838 ademta
320 2776 382 2838 duo
404 2787 436 2838 et
458 2777 594 2860 triginta.
649 2775 758 2839 Castra
788 2778 882 2839 etiarn
904 2794 941 2834 eo
964 2775 1014 2835 die
1036 2770 1223 2859 expug'nata,

175 2862 431 2944 debellatumque.
447 2884 529 2941 uam,
554 2862 605 2944 qui
632 2861 805 2944 superfuere
828 2859 947 2942 proelio,
972 2860 1003 2921 in
1030 2861 1146 2943 oppida
1168 2881 1223 2923 sua

175 2949 284 3030 dilapsi
301 2961 383 3010 sunt.
398 2950 492 3030 quieti
507 2949 618 3010 deinde
634 2959 799 3030 paruerunt
813 2946 951 3028 imperio.

217 3032 351 3096 XXVII.
374 3033 524 3097 Censores
547 3055 585 3098 eo
611 3055 693 3096 anno
718 3032 812 3093 creati
837 3032 875 3102 Q.
891 3031 1011 3094 Milvius
1036 3030 1163 3094 Flaccus
1190 3043 1223 3096 et
1235 3047 1356 3102 cesam.

175 3119 215 3182 A.
243 3118 415 3182 Postumius
444 3121 573 3184 Albinus
603 3121 741 3199 legerunt
770 3131 930 3180 senatum:
958 3117 1101 3200 princeps
1124 3118 1222 3181 lectus

177 3203 227 3266 M.
241 3204 382 3267 AEmilius
405 3204 538 3289 Lepidus
560 3203 698 3288 pontifex
722 3204 884 3266 maximus.
927 3202 1098 3266 Desenatu
1114 3225 1222 3267 novem

179 3289 342 3373 ejecerunt
362 3293 495 3373 insignes
533 3301 613 3352 notae
639 3289 761 3352 luerunt
791 3287 838 3350 M.
864 3288 998 3351 Cornelii
1029 3289 1337 3371 Maluginen·1utgoes

178 3377 230 3457 sis,
263 3379 351 3460 ”qui
381 3378 505 3440 biennio
535 3389 607 3440 ante
639 3387 750 3459 prator
785 3373 818 3436 in
848 3372 999 3458 Hispania
1033 3374 1158 3454 fuerat3'
1193 3380 1305 3438 etm-

530 3495 656 3564 lutumque
667 3497 741 3548 Grou.
751 3497 820 3546 Cres.
830 3497 902 3546 Doer.

206 3593 228 3628 2⁸
245 3589 399 3654 Danaumque
425 3607 448 3640 eo
474 3591 578 3654 nenias}
621 3593 683 3652 Lege
715 3589 823 3650 discimus
841 3589 888 3654 Ap.
907 3588 1029 3638 Claudium
1046 3591 1116 3640 fuisse
1138 3605 1224 3656 praeto·

167 3673 230 3706 cum
238 3657 546 3720 Perizoniqdurnnotoquae.
569 3655 622 3706 Vid.
633 3667 682 3706 not.
715 3671 764 3704 rem
775 3655 892 3718 superiore
904 3669 972 3712 suno,
989 3667 1014 3702 et
1025 3656 1155 3704 citeriorem
1169 3657 1225 3707 His·

173 3724 214 3771 89.
224 3721 253 3770 sd
264 3721 281 3769 l.
294 3733 329 3768 tv.
340 3737 361 3771 c.
376 3723 413 3771 17.
422 3737 499 3786 supra.
716 3722 806 3784 panum
817 3719 951 3768 obtinuisse.
1221 3739 1224 3746 ·

207 3784 450 3834 “cemimus
465 3795 486 3834 st
501 3792 685 3834 semestres·
749 3785 770 3822 ⁹7
786 3783 893 3848 Urgentes
913 3784 990 3832 otro
1009 3784 1051 3831 ulli
1073 3784 1128 3832 elios
1145 3787 1226 3849 muts]

174 3850 231 3898 suros
248 3849 363 3913 suenum]
392 3851 453 3911 Lege
474 3865 527 3899 cum
551 3851 682 3898 Gronorio:
717 3850 815 3899 Nemini
824 3865 871 3898 nou
882 3847 999 3913 spparebit
1010 3863 1088 3894 nocem
1099 3851 1167 3896 secreti
1183 3851 1226 3898 hic

175 3923 272 3962 eamus
295 3915 394 3962 anuas
414 3922 501 3963 tostum
520 3929 556 3963 sss
580 3918 686 3964 muium
718 3918 749 3964 its
771 3914 867 3980 positam
885 3931 943 3970 esse,
967 3924 993 3961 ut
1017 3911 1126 3975 impediat
1150 3914 1227 3976 posius

171 3976 301 4076 stagnat..
527 4044 532 4054 ·
620 4047 625 4058 Ι
681 4046 686 4057 Ι
715 3995 908 4057 menumquam
928 3979 1030 4055 adjuvet.
1061 3977 1118 4053 Mon
1135 3979 1227 4040 dubita-¹

171 4122 211 4154 m
227 4041 459 4168 amisum
472 4058 560 4172 was
570 4054 687 4172 emeli
717 4043 1042 4160 fflfflussfaiffffldm
1060 4056 1103 4089 sn.
1124 4054 1226 4108 argestes

173 4170 310 4220 Delsudum
341 4172 432 4220 videtur
458 4173 554 4222 verbum
588 4176 686 4232 seribere,
731 4174 815 4221 ·⁹⁹Et
830 4172 1053 4234 aequaminiter
1068 4173 1227 4235 deditusque·-

176 4238 273 4300 quodst
289 4237 390 4285 οιὶοιιιω
409 4246 456 4294 est,
469 4249 495 4288 et
511 4239 624 4286 desumat
634 4255 685 4288 ora·
718 4239 767 4300 bus]
790 4238 891 4301 Repouit
910 4235 1054 4284 Gronovius:
1078 4246 1099 4286 et
1117 4239 1226 4299 meurs·

175 4301 270 4350 tionem
295 4301 364 4350 Dicit
376 4301 487 4352 Lisiuese
503 4305 557 4352 satis
572 4319 686 4368 superque
719 4303 1044 4364 cornibuslostiusr,upuibus.

175 4367 251 4414 meris
268 4367 340 4425 ferre,
354 4382 448 4433 sempe,
462 4370 617 4434 resspopulo
635 4371 684 4420 Ro·
748 4367 829 4420 QO‘
853 4367 937 4414 Manio
952 4376 1003 4414 cult
1027 4376 1108 4428 pretor
1129 4368 1154 4413 iu
1170 4365 1227 4413 Hit·

175 4443 359 4492 malopem.-
715 4435 784 4497 paniu
796 4431 890 4496 suemt]
921 4431 969 4479 Hic
987 4443 1071 4494 praetor
1092 4432 1117 4480 ia
1138 4431 1227 4493 Hispa·

208 4494 284 4544 “sat
293 4499 413 4549 adventurn
430 4499 474 4563 Ap.
493 4499 595 4565 Glssrdr'r]
622 4497 685 4550 Hinc
718 4499 779 4552 nisus
794 4497 829 4548 iss
852 4495 966 4558 noluerat,
988 4509 1015 4546 ut
1037 4507 1127 4546 constat
1155 4511 1185 4546 ex
1204 4509 1226 4546 c.
