3184 5225
446 418 450 425 .
483 368 560 429 LlB.
576 316 673 431 xhlt
693 368 775 431 ctl’.
788 366 913 430 XLVH.
1182 381 1221 437 98

175 534 264 587 erem
278 520 447 585 adventuri.
492 520 606 587 Consul
619 524 815 589 anteveniens
824 523 982 605 extemplo
991 524 1132 608 praelium
1145 547 1222 591 con·
1234 542 1268 593 u.
1278 541 1377 595 esst:

175 608 280 673 seruit.
325 606 430 683 Primo¹
440 609 579 672 resistere
591 607 780 673 Macedones
783 632 794 689 ;
818 610 941 689 deinde,
952 621 987 673 ut
997 612 1081 675 nulla
1091 635 1124 677 re
1133 635 1222 698 peres
1234 610 1266 661 A.
1275 606 1307 663 ⁰·
1320 610 1377 660 ¹⁷¹·

175 706 275 773 ermt,
296 694 415 757 amissis
437 695 600 759 trecentis¹
622 696 786 779 peditibus,
808 696 1060 779 vigintiquatuor
1080 700 1222 781 primori·

176 782 235 845 bus
249 779 386 862 equitum
401 782 477 843 ²⁸ex
492 781 552 859 als,
563 802 655 863 quem
670 779 796 843 Sacram
810 793 934 860 vocent,
948 782 1030 846 inter
1043 804 1121 865 quos
1130 786 1223 851 Anti-

175 867 304 929 machus
318 867 414 929 etiem
428 866 588 951 prefectus
603 866 658 929 alre
678 866 804 945 cecidit,
819 868 903 931 abire
916 882 1079 934 conantur.
1131 870 1224 937 Cete-

179 974 247 1015 rum
260 952 319 1015 iter
333 972 431 1036 prope
453 952 520 1035 ipso
534 952 643 1033 proelio
664 952 880 1017 tumultuosius
894 953 962 1017 ruit.
1007 954 1157 1038 Phalanx,
1171 960 1225 1023 ahs

178 1039 299 1121 trepido
328 1038 441 1101 nutrcio
470 1038 583 1119 adclts,
613 1058 706 1121 quum
736 1038 849 1122 raptim
872 1039 1044 1120 duceretur,
1069 1043 1170 1124 primo
1194 1045 1226 1109 in

179 1124 326 1207 angustiis
352 1124 542 1207 captivorum
572 1124 687 1207 agmini
702 1125 819 1189 'oblata
843 1126 1051 1209 vehiculisque
1072 1128 1229 1194 frumento

49 1244 54 1256 ·
179 1212 316 1275 onustisr
348 1214 375 1251 ²⁹
387 1211 424 1273 iis
449 1212 544 1291 cesis,
570 1211 716 1294 virgeus
741 1211 783 1275 lbi
808 1212 930 1276 vexatio
952 1214 1049 1296 partis
1073 1216 1229 1298 utriusque

179 1297 248 1377 suit,
270 1296 356 1361 nullo
379 1307 589 1380 exspectante,
603 1308 787 1379 utcumque·
810 1300 1014 1382 explicaretur
1034 1320 1157 1382 agmen,
1172 1302 1228 1365 sed

179 1383 307 1451 ematis
323 1382 554 1447 detrudeutibus
569 1404 771 1468 perpraeceps
786 1384 1007 1467 inpedimenta,
1018 1383 1129 1469 (neque
1143 1387 1228 1451 enim

179 1470 269 1535 aliter
289 1470 339 1532 via
360 1469 469 1553 aperiri
490 1469 623 1554 poteret)
643 1468 803 1552 jumentis,
820 1491 913 1554 quum
934 1471 1173 1551 stimularentur,
1194 1473 1228 1537 in

179 1557 270 1621 trrrha
295 1556 496 1620 sevientibus.
549 1553 612 1619 Vix
637 1556 676 1619 ab
702 1556 863 1621 incondito
887 1557 1011 1640 agmins
1036 1558 1227 1642 captivorum

180 1641 381 1793 enne
409 1727 1229 1812 ,ω

181 1834 302 1897 quoque
324 1835 419 1899 prope
441 1814 570 1879 similem
600 1813 835 1897 trepidationem
860 1815 953 1879 secits
982 1828 1028 1894 ut,
1057 1816 1084 1879 si
1112 1817 1229 1896 hostes,

181 1902 309 2003 intrpiye
326 1902 482 2001 angustius
497 1901 573 1979 ausi,
588 1900 709 1983 lougius
728 1901 858 1966 insecuti
873 1905 985 1991 meent,
999 1922 1115 2003 magne
1127 1902 1229 1969 clades

182 2008 285 2137 tlt:
300 1984 765 2154 tuthltltlr‘t‘ttt
777 1988 1230 2157 .tt.ll.ll.lt“l¹trttt

182 2180 221 2222 eo
243 2160 293 2223 die
317 2180 429 2242 magno
452 2158 560 2242 proelio
583 2170 754 2241 pugnatum
777 2170 917 2221 suctores
944 2158 1017 2221 siut.
1037 2169 1110 2221 octo
1134 2159 1231 2227 millis

182 2246 318 2330 hostium
333 2266 422 2323 cesa,
442 2245 474 2307 in
489 2246 536 2307 his
558 2241 724 2328 Sopatrum
744 2256 776 2307 et
790 2244 987 2326 Antipatrum
1001 2244 1102 2324 regios
1117 2244 1231 2313 decess

180 2332 265 2395 vivos
287 2343 396 2413 captos
417 2329 539 2393 circiter
560 2329 622 2392 duo
643 2329 741 2391 millia
763 2330 969 2411 octingentos,
985 2329 1074 2411 signa
1087 2330 1233 2395 militaria
1322 2353 1326 2359 ’

180 2429 275 2501 capte
299 2417 409 2497 viginti
435 2427 568 2497 septem.
616 2413 685 2477 Nee
713 2414 903 2479 instruentem
931 2414 1089 2477 victoriam
1115 2415 1229 2479 fuisses

181 2524 276 2587 supra
298 2512 427 2585 quatuor
449 2501 546 2563 millia
566 2512 599 2563 et
620 2511 772 2563 trecentos
796 2500 835 2565 de
852 2501 987 2563 exercitu
1000 2500 1133 2563 consulis
1147 2502 1228 2565 ceci-

183 2590 285 2654 disse:
317 2588 406 2671 signa
423 2590 449 2628 ³¹
460 2587 589 2650 sinistra
603 2586 658 2650 ele
672 2587 803 2668 quinque
818 2587 939 2650 amissa.

227 2671 358 2738 LXVII.
379 2671 441 2738 Hic
471 2673 536 2736 dies
565 2685 598 2737 et
621 2671 770 2737 Romanis
792 2673 898 2737 refecit
920 2674 1050 2754 animos,
1071 2687 1105 2739 et
1119 2674 1371 2746 Perseel‘srssuts

184 2761 324 2846 perculit,
355 2771 400 2838 ut,
429 2759 495 2824 dies
522 2779 635 2842 paucos
656 2758 698 2822 ad
717 2757 875 2842 Mopsium
897 2772 1045 2839 moratus,
1068 2764 1228 2846 sepulture
1239 2759 1359 2840 lim:

185 2849 318 2912 maxime
344 2845 476 2910 militmn
501 2846 678 2908 amissorum
702 2865 784 2922 cura,
804 2845 944 2930 presidio
967 2849 1042 2911 setis
1062 2843 1164 2914 valido
1188 2829 1378 2916 admm

183 2933 327 3000 Gonnum
350 2933 468 3012 relicto,
489 2933 521 2994 in
539 2929 755 2995 Macedoniam
777 2931 926 3015 reciperet
947 2935 1062 3016 copies.
1118 2933 1228 3000 limo-

184 3021 292 3092 theum
307 3019 471 3104 quemdam
493 3039 533 3080 ex
555 3017 645 3100 regiis
661 3016 809 3099 prefectis
831 3039 901 3081 cum
924 3021 1047 3084 modica
1066 3041 1160 3086 manu
1179 3046 1227 3087 re-

185 3107 297 3190 linquit
317 3105 356 3170 ad
371 3104 502 3183 Philam,
520 3101 638 3186 jussum
653 3101 818 3186 Magnetas
840 3119 873 3168 et
891 3107 1078 3190 propinquos
1099 3120 1230 3175 tentare.

188 3192 291 3264 Quum
303 3189 418 3254 Pellam
431 3191 573 3268 venisset,
589 3189 724 3255 exercitu
738 3191 770 3253 iu
785 3190 913 3254 hiberna
926 3192 1062 3271 dimisso,
1076 3193 1142 3277 ipse
1158 3215 1230 3260 cum

188 3276 289 3362 Cotye
314 3276 561 3340 Thessalonicam
591 3287 638 3340 est
665 3274 832 3361 profectus.
894 3275 941 3340 Eo
970 3277 1054 3340 sams
1082 3279 1230 3358 misnae,

187 3362 341 3442 Atlesbim
361 3364 494 3446 regulum
517 3361 684 3442 Threcum,
702 3373 734 3424 et
757 3359 926 3444 Corragum
939 3361 1086 3429 Eumenis
1105 3364 1230 3447 prefec-

187 3461 265 3528 tum,
280 3449 311 3512 in
327 3447 431 3535 Cotyis
445 3449 520 3514 lines
542 3450 681 3532 inpetum
696 3447 824 3510 iecisse:
851 3459 884 3510 et
897 3449 1065 3532 regionem,
1079 3449 1232 3515 Marenen

186 3557 278 3620 quam
300 3547 420 3616 vocant,
441 3536 568 3620 cepisse.
624 3533 742 3618 ltaque,
757 3533 975 3598 dimittendum
990 3534 1092 3622 Cotyn
1115 3539 1154 3601 ad
1177 3559 1233 3601 sua

186 3622 301 3688 tuende
336 3633 430 3702 retra,
467 3621 587 3705 magnis
623 3619 866 3705 proficiscentem
904 3621 993 3684 donis
1030 3625 1233 3707 prosequitur.

399 3769 592 3822 termnum.
721 3769 1028 3837 quemquem.

220 3899 291 3950 ”Es
305 3899 519 3967 aisqusrnSseruss
534 3899 622 3968 momt]
642 3899 695 3952 Jsm
727 3899 786 3960 sule,
801 3903 904 3968 ineptum
921 3914 975 3964 sets
996 3900 1236 3967 sladesptimpss

189 3968 279 4016 mentio
287 3965 349 4016 fests
359 3979 394 4017 est
406 3969 523 4018 Semnum
533 3967 619 4016 alarum
629 3983 696 4032 supra
727 3983 779 4017 rure
789 3968 921 4019 verisimile.
962 3967 1059 4032 Aliquid
1074 3968 1152 4018 mendi
1164 3967 1237 4018 latete

188 4049 212 4082 e.
224 4035 265 4082 58.
281 4047 404 4096 rursusque
421 4033 461 4082 rist
477 4034 536 4082 iufra
550 4033 568 4082 l.
584 4045 658 4082 xttv.
674 4049 696 4084 s.
726 4033 826 4082 ridetur.

187 4099 230 4158 42.
261 4096 409 4163 despicerent
418 4098 469 4148 illas
481 4099 585 4162 equitum
596 4097 642 4144 alas
652 4097 696 4146 cir·
759 4097 810 4145 ³⁰1
840 4113 877 4146 ens
892 4097 922 4146 ur·
936 4099 1101 4210 omtm‘psrtiv
1110 4097 1237 4162 turiusque]

188 4161 301 4226 seipsum
323 4178 402 4224 regem
424 4165 501 4212 solitas
522 4179 571 4212 esse
588 4178 698 4226 pugnare,
726 4161 790 4211 ‘l'nm
853 4161 932 4224 laneis.
951 4173 1002 4212 tum
1043 4163 1178 4221 cumdum,
1195 4163 1236 4226 qul

187 4226 211 4273 ei
229 4229 318 4277 tuendo
335 4227 453 4292 speciatim
470 4229 579 4288 addictas,
594 4229 654 4277 urrde
672 4240 698 4278 st
728 4227 873 4276 deducshsnt
883 4225 982 4290 captivos
993 4237 1020 4276 et
1028 4230 1135 4293 praemia.
1167 4227 1237 4276 iniis

251 4293 346 4342 romae
356 4291 475 4342 &aarum
491 4307 576 4342 nomen
589 4292 696 4344 inditum.
729 4308 782 4356 ques
799 4303 928 4354 sequuntur
937 4293 1045 4355 perrierus
1060 4296 1115 4342 dass
1133 4308 1162 4342 sa
1173 4291 1236 4340 Gro-

189 4289 242 4404 a:
262 4357 330 4405 aliam
346 4371 396 4406 ssu
413 4356 516 4408 ducimus
533 4359 617 4422 wien
631 4359 699 4416 elon,
729 4357 790 4406 nerii
801 4368 879 4405 mente
889 4356 976 4420 adjecta
986 4369 1030 4407 est.

190 4433 337 4471 mosomum
345 4421 439 4471 Liviol.
451 4423 638 4473 nummulo.
761 4422 781 4458 ¹¹
794 4420 893 4470 sarm
902 4421 955 4489 ote]
970 4422 1184 4476 amsmsoetmn
1193 4437 1236 4488 ps·

222 4484 284 4536 ”lis
297 4484 368 4554 miv]
387 4485 414 4540 Si
430 4486 477 4540 hoc
492 4487 577 4540 relerss
592 4486 697 4541 advehi·
729 4486 804 4540 duum
814 4486 921 4552 superis.
