3184 5225
370 326 379 347 ⁹
423 360 428 369 ’
500 376 578 435 aus
597 377 812 439 xmvccsr.
831 376 928 436 xmr.
1166 384 1222 441 res

171 528 399 610 primum·luga
414 527 621 595 Macedonum
648 543 696 594 est
719 540 796 595 orta.
840 534 867 571 ²⁹
877 528 959 595 Nam
980 530 1059 593 sicut
1076 530 1223 613 pleraque
1236 546 1270 596 ῦ.
1280 544 1310 597 e.
1319 547 1378 595 aar.

170 635 258 677 nova
279 628 454 679 commenta
476 617 648 679 mortalium
676 618 708 681 in
731 618 829 681 verbis
850 617 911 681 vim
936 617 1062 693 habent,
1090 620 1118 656 ⁸⁰
1127 636 1222 698 expe·
1233 612 1266 664 Α·
1276 612 1307 661 C·
1319 610 1374 662 ¹⁶⁸·

170 701 294 778 riendo,
320 722 413 782 quum
444 704 519 783 agi,
534 724 606 778 non,
631 704 894 784 quemadmodum
920 714 1060 784 agantur,
1089 703 1222 783 edisseri,

174 799 313 868 oportet,
334 788 400 849 sine
421 788 484 851 ullo
499 788 609 851 ellectu
633 802 835 867 evanescunt3
862 789 907 851 ita
925 800 991 851 tum
1015 781 1221 871 elephantiiii
1256 795 1268 810 ““
1315 826 1318 833 ·

170 874 243 934 scie
267 876 416 937 8¹nomen
438 884 558 937 tantum
580 876 645 938 sinc
667 896 723 939 usu
744 876 876 937 luerunt.
920 874 1159 957 Elephantomur
1173 875 1222 941 iu·

170 970 282 1041 petum
312 961 463 1023 subsecuti
494 972 564 1023 sunt
586 961 661 1023 socii
685 962 818 1023 nominis
844 960 956 1037 Latini,
982 960 1222 1043 pepuleruntque

167 1046 283 1107 laevum
307 1066 411 1107 cornu.
455 1044 491 1109 lu
518 1048 620 1109 medio
650 1048 783 1109 secunda
813 1048 894 1128 legio
916 1048 1043 1109 inmissa
1067 1046 1223 1130 dissipavit
1234 1049 1351 1111 suguntur

170 1131 373 1213 phalangem.
412 1153 509 1215 neque
546 1133 609 1195 ulla
649 1134 818 1195 evidentior
858 1153 966 1195 caussa
993 1133 1126 1197 victoris
1155 1132 1223 1210 luit,
1235 1115 1385 1164 ΜΜΜ·

169 1238 270 1296 quam
300 1218 379 1297 quud
408 1220 503 1281 multa
532 1219 644 1303 passim
672 1220 780 1301 proelia
806 1232 903 1296 eraut,
932 1240 998 1301 quse
1027 1219 1222 1281 fluctuantem

166 1304 336 1365 mrbarunt
350 1305 459 1385 primo,
482 1305 593 1367 deinde
611 1303 796 1386 disjecerunt
811 1306 1013 1388 phalangem:
1037 1303 1124 1385 cujus
1146 1325 1222 1367 coa·

166 1388 259 1451 lertae
276 1402 308 1451 et
323 1390 448 1451 intentis
463 1391 614 1453 horrentis
629 1392 724 1453 hastis
745 1391 949 1453 intolerabiles
963 1392 1041 1453 vires
1061 1402 1143 1453 sunt.
1187 1388 1221 1451 Si

167 1476 307 1557 carptim
335 1476 542 1556 adgrediendo
568 1478 771 1558 circumagere
794 1481 821 1515 ³²
833 1478 1007 1541 inmobilem
1030 1476 1221 1557 lungitudine

169 1574 204 1625 et
234 1562 385 1645 gravitate
416 1563 544 1625 hastam.
573 1582 676 1644 cogas,
702 1564 829 1625 confusa
855 1574 938 1625 strue
962 1564 1164 1645 inplicantur:
1193 1560 1219 1625 si

167 1666 245 1709 vcro
263 1659 339 1709 sut·
367 1648 523 1727 sublatere,
546 1661 599 1711 aut
615 1649 653 1709 ab
669 1660 754 1729 tergo
770 1649 886 1730 aliquid
900 1650 1047 1711 tumultus
1061 1648 1221 1729 increpuit,
1245 1681 1249 1689 ·

166 1733 271 1795 ruinae
285 1734 378 1795 modo
393 1735 559 1796 turbantur.
579 1735 660 1796 sicut
684 1744 749 1797 tum
770 1720 911 1795 adverada
926 1736 1104 1797 catervatim
1118 1734 1219 1797 inetu-

166 1831 278 1881 rentes
293 1818 461 1898 Romanos,
485 1832 517 1881 et
536 1821 706 1902 interrupta
729 1820 924 1883 multifariam
945 1822 1022 1897 acie,
1044 1820 1164 1883 obviam
1179 1820 1222 1881 ire

168 1906 384 1987 cogebantur:
412 1917 444 1966 st
459 1905 602 1983 Romani,
625 1925 813 1986 quacumque
837 1906 912 1969 data
935 1906 1095 1968 intervalla
1108 1916 1223 1983 essent,

166 1989 372 2053 insinuabant
386 1992 509 2053 ordines
529 2012 610 2053 suos.
654 1990 725 2067 Qui,
747 1992 772 2053 si
796 1992 935 2053 universa
953 1992 1020 2053 acie
1034 1993 1066 2053 in
1092 1992 1224 2054 frontem

168 2076 318 2139 adversus
333 2078 512 2141 instructam
526 2078 711 2159 pbalangem
726 2078 960 2153 concurrissent,
983 2078 1065 2157 quod
1080 2075 1224 2157 Peligais,

170 2163 329 2245 principio
345 2185 453 2245 pugne
468 2164 590 2225 incaute
605 2164 775 2243 congressis
788 2164 931 2225 adversus
945 2175 1098 2239 cetratos,
1111 2162 1224 2238 evenit,

170 2248 349 2311 induissent
363 2270 395 2311 se
411 2250 518 2326 baetis,
533 2269 590 2311 nee
605 2250 775 2311 consertum
791 2250 890 2311 aciem
904 2249 1125 2311 sustinuissent.

216 2333 322 2395 xbll.
347 2333 490 2395 Ceterum
512 2336 592 2396 sieut
615 2334 752 2416 peditum
776 2336 888 2418 passim
909 2334 1005 2395 caedcs
1019 2333 1144 2411 fiebant,
1166 2332 1225 2394 nisi

164 2422 227 2501 qui
263 2419 391 2501 abjectis
421 2421 512 2483 armis
541 2420 703 2499 fugerunt3
731 2422 776 2483 sic
807 2422 959 2501 equitatus
988 2432 1082 2502 prope
1108 2421 1226 2500 integer
1237 2428 1360 2505 esum

170 2504 285 2588 pugna
317 2506 457 2567 excessit.
517 2504 658 2587 Princeps
696 2507 772 2587 fugae
810 2528 863 2567 rex
898 2506 962 2586 ipse
997 2518 1074 2568 erat.
1110 2504 1177 2586 jans
1207 2493 1372 2573 ,retegatu-

167 2592 287 2676 -Pydna
313 2595 420 2654 ³³cum
447 2591 539 2654 sacris
561 2592 617 2654 alis
640 2593 774 2674 equitum
799 2590 913 2654 Pellam
937 2592 1079 2674 petebat:
1110 2569 1279 2653 ’leon-⁸¹*

172 2679 281 2740 lestim
297 2676 466 2739 Costocus‘
481 2679 662 2758 sequebatur
682 2677 927 2761 Odrysarumque
942 2679 1104 2758 equitatus.
1118 2689 1226 2740 cetere

168 2785 298 2845 quoque
323 2762 532 2826 Macedonum
558 2764 613 2828 alae
643 2765 767 2844 integris
798 2766 925 2826 abibant
949 2764 1127 2841 ordinibus3
1153 2764 1226 2846 quia
1282 2783 1286 2788 ·

173 2849 340 2931 interjecta
367 2849 505 2932 peditum
535 2850 626 2928 acies,
656 2849 742 2931 cujus
768 2851 866 2912 cades
888 2850 1018 2913 victores
1047 2852 1226 2926 tenebantu,

171 2975 498 3090 c¹uutdelGroucCrcn
596 2977 1016 3054 tenoemtmcoqrnperdtup.
1123 2977 1230 3027 *tmolus

200 3059 250 3092 rer.
826 3073 832 3084 .

210 3147 234 3184 Ὦ
252 3145 308 3194 Num
322 3150 379 3196 sicrn
393 3145 508 3210 pleraque]
528 3145 561 3194 Ut
579 3147 687 3210 plempre
720 3147 850 3206 Legebrtur
864 3148 888 3195 in
904 3147 1026 3211 exemplari
1032 3147 1139 3212 surrent.
1170 3147 1230 3193 Mu-

178 3225 240 3258 ωτι
264 3211 356 3260 wenta
378 3212 509 3260 mortalium
529 3214 575 3259 viru
603 3213 688 3260 lubere
720 3213 777 3259 terit
800 3213 918 3273 sigonis:
943 3225 1020 3260 utrum
1036 3223 1111 3268 recte,
1128 3226 1159 3257 sn
1175 3225 1229 3273 per·

182 3276 297 3332 videntur,
317 3277 423 3338 quamdiu
438 3277 511 3324 verbis
532 3278 689 3323 tantummodo
751 3291 807 3332 ram,
826 3292 874 3324 uos
894 3278 1047 3332 decernimur,
1075 3291 1147 3338 quum
1168 3286 1230 3322 totus

181 3337 315 3402 jactantur,
339 3343 377 3388 sed
399 3341 487 3388 ubi'rd
516 3355 565 3386 rem
588 3351 690 3396 ventum,
738 3340 840 3394 iclocur,
856 3353 882 3387 nt
898 3341 995 3386 diximus
1015 3343 1039 3387 in
1056 3339 1230 3387 nct.29.aobis

183 3419 256 3466 quum
267 3416 355 3468 oportet
370 3407 415 3465 agl,
434 3419 481 3452 non
503 3403 596 3450 edisseri
614 3404 688 3449 solum
722 3405 826 3449 videatur
836 3404 923 3450 alienus
933 3405 962 3450 ab
973 3419 1000 3450 ea
1015 3405 1039 3451 in
1051 3419 1119 3466 quara
1130 3403 1230 3451 insertus

181 3472 297 3531 quomodo
304 3471 334 3517 iis
349 3471 447 3518 iuuentis
463 3479 565 3528 uramur,
581 3467 630 3514 sine
641 3467 690 3514 ullo
721 3468 904 3516 erruarrrtioue.

180 3535 265 3584 effectu
287 3535 621 3583 evanescunt....(2srerum
639 3541 690 3580 tota
754 3531 778 3564 ³2
794 3529 925 3579 immobilem
942 3565 949 3579 .
967 3563 974 3578 .
992 3564 999 3578 .
1017 3565 1024 3580 .
1040 3531 1135 3594 mara]
1170 3533 1231 3580 llar-

180 3600 233 3649 bac
252 3599 358 3664 periodus
375 3600 429 3663 quid
447 3599 490 3645 sibi
506 3596 559 3644 velit
574 3595 688 3655 hocloco,
722 3607 778 3651 tam,
790 3611 845 3656 ¹quus
861 3596 890 3642 ob
905 3595 1069 3654 longitudinem
1090 3609 1114 3643 et
1132 3598 1229 3657 gravita-

180 3679 258 3726 prrum
270 3665 381 3712 videmus.
414 3664 476 3711 Nam
495 3661 690 3724 nequeelepbsu·
722 3669 771 3707 tam
790 3660 857 3708 facile
878 3661 964 3707 moveri
983 3661 1071 3722 nequit.
1104 3659 1158 3708 Hoc
1179 3661 1230 3708 idco

181 3739 258 3778 torum
284 3746 340 3777 usus
361 3731 386 3776 in
414 3728 497 3790 praeliis
520 3741 604 3774 novum
633 3739 690 3774 tunc
723 3736 837 3781 notemur,
865 3725 918 3788 qnia
948 3725 1079 3772 Gronovius
1109 3725 1228 3785 agrotum

183 3807 339 3844 commeatum
354 3793 484 3841 monalium
497 3790 577 3840 baberi
590 3801 689 3852 poterat:
723 3806 774 3838 esse
800 3803 878 3838 maret
899 3790 980 3849 tarn,
1006 3801 1033 3836 ut
1051 3787 1081 3836 rb
1105 3789 1231 3838 iorrsobr'lcu

183 3862 436 3906 aecvidcmurnomsn
455 3857 503 3905 sins
521 3873 563 3904 nsu
581 3856 649 3903 luisse
667 3857 691 3903 iu
723 3856 836 3903 reseratur
856 3857 885 3902 ad
909 3853 1053 3919 pbalangem.
1093 3851 1145 3899 Nos
1173 3853 1239 3903 nibd⁴

184 3921 319 3988 brepugns.
352 3923 549 3971 lmocoutrrrium
563 3922 618 3968 rrtir
633 3921 693 3968 indi·
724 3931 847 3968 mutamus.

186 3999 249 4038 catur
259 3987 521 4053 prorime'seqnentibus
533 3987 621 4033 verbis:
639 3985 691 4033 Els-
756 3986 778 4020 ³³
797 3986 854 4032 Cnrr
864 3985 937 4032 &cris
945 3983 998 4046 olis]
1021 3983 1079 4031 vit.
1095 3981 1235 4031 usr.28.sd
1259 3982 1269 4001 ¹

183 4052 315 4112 plastorum
331 4055 434 4116 mrpstnrr
452 4052 557 4102 subrecto
572 4056 624 4098 rarat
642 4052 694 4098 asti
724 4049 742 4100 l.
755 4063 821 4098 rtun.
833 4050 990 4113 c.66.rupra.

186 4121 276 4164 annisis
291 4116 376 4166 lmine.
408 4117 464 4166 Non
481 4132 541 4176 segre
560 4115 624 4162 nubis
642 4130 693 4177 per·
757 4113 780 4148 ³⁴
796 4113 914 4178 Confestim
956 4113 1055 4159 Conocrrr
1093 4111 1231 4175 sequebatur]

173 4182 272 4229 -nueert
295 4193 426 4246 pateremur
449 4179 510 4228 illurn
531 4179 647 4242 periodum
665 4195 693 4228 ex
726 4180 843 4240 Emender
861 4179 911 4225 lac.
929 4167 1066 4238 Gronovius,
1082 4177 1236 4241 ccrffmlmror
1313 4231 1319 4244 ⁹

186 4245 229 4292 alio
239 4249 316 4310 aliquo
327 4249 379 4304 loon
392 4247 437 4294 huc
448 4257 536 4296 temere
547 4245 694 4304 immigrasse.
728 4243 794 4306 Cotys
810 4244 945 4306 queamus.
977 4244 1079 4290 simunt
1098 4243 1157 4290 banc
1178 4257 1234 4288 cou-

189 4307 646 4369 Ccrrssicamrollss‚nihildsriderrbis.
686 4315 691 4323 “
723 4311 837 4371 jecturam
860 4320 1066 4375 qusspasquuntun
1086 4308 1236 4370 Odrysae-uas·
1310 4313 1316 4318 '

202 4375 241 4438 ,³⁰
260 4375 402 4438 Erprrisndo]
424 4377 511 4424 Unicus
528 4376 601 4423 codex
617 4373 694 4422 babuit
725 4388 768 4434 qur
784 4375 900 4435 equitetur.
935 4375 1002 4423 Namr
1014 4375 1087 4437 Cotys
1103 4387 1145 4421 rer
1156 4371 1235 4433 Odry·

187 4441 294 4499 explendo.
328 4441 466 4490 Emendrvit
475 4440 606 4488 Tumsbus.
725 4453 802 4486 rerum
813 4438 869 4501 snit,
879 4448 905 4486 ut
916 4450 1006 4488 coristrt
1016 4454 1045 4487 er
1055 4453 1077 4487 c.
1084 4440 1128 4487 dl.
1139 4437 1157 4486 l.
1168 4447 1235 4482 aurs.

149 4498 152 4516 ⁸
219 4503 239 4539 ³¹
257 4503 341 4554 Nomen
359 4515 446 4555 tanturn
462 4509 509 4558 rinc
526 4519 570 4553 cru
585 4505 691 4567 suerunt]
721 4517 806 4568 supra.
1213 4522 1217 4531 ·

767 4575 826 4632 M2
